3043 3532
1320 183 1692 234 -6...Α

400 304 496 346 Iam
523 318 622 347 vero
653 305 857 345 mittamus
884 304 989 345 haec
1018 310 1081 356 et,
1120 305 1164 345 id
1192 304 1302 360 quod
1328 306 1494 346 uberius
1523 318 1732 359 exponere
1771 305 1888 347 nobis
1916 307 2222 361 proposuimus,
2263 314 2466 362 quatenus
2493 309 2667 360 Ennius,

272 391 364 418 cum
392 377 579 417 Annales
607 391 703 417 suos
731 391 814 417 uon
842 376 1036 418 Saturnio
1065 390 1208 426 versu,
1239 390 1361 429 quem
1389 381 1671 417 antecessores
1700 376 1964 428 adhibebant,
1993 377 2067 420 sed
2095 378 2339 422 hexametro
2360 381 2583 435 scripserit,
2615 380 2670 424 tle

267 448 415 489 litteris
443 448 609 489 Latinis
643 448 816 488 meritus
856 448 931 496 sit,
971 447 1304 487 demonstremus.
1362 446 1500 501 Atque
1529 446 1669 487 dubito
1708 460 1762 487 au
1790 448 2066 501 incipiendum
2095 449 2148 490 sit
2187 450 2240 490 ab
2267 450 2498 492 hexametri
2526 464 2671 493 versus

270 520 353 560 arsi
390 520 599 574 thesique,
641 520 792 573 quippe
831 531 936 571 quae
971 518 1098 558 multo
1139 517 1380 558 certioribus
1418 518 1567 558 finibus
1609 532 1731 572 quam
1765 519 1866 560 arsis
1902 520 2113 574 thesisque
2147 534 2292 561 versus
2330 527 2372 561 et
2406 521 2588 563 Satur-'nii
2628 529 2671 564 et

273 592 451 632 scaenici
487 591 814 642 circumscriptae
851 590 945 630 sint.
1004 589 1125 641 Quae
1152 602 1219 628 res
1248 590 1392 643 quanti
1429 591 1484 630 sit
1511 591 1706 630 momenti
1732 596 1779 630 ut
1806 590 2020 631 diiudicari
2047 593 2196 644 possit,
2236 598 2334 632 ante
2364 595 2498 634 omnia
2524 607 2669 636 versus

271 662 456 705 Saturnii
483 669 525 703 et
553 661 729 704 scaenici
758 673 863 715 quae
891 659 1015 709 fuerit
1043 667 1189 700 natura
1215 661 1570 715 ratioquepaucis
1600 661 1903 715 explanandum
1930 669 2041 717 puto.
2086 662 2209 716 Quod
2237 663 2384 704 attinet
2412 664 2467 704 ad
2497 671 2670 706 metrum

270 734 525 782 Saturnium,
555 733 669 773 cuius
696 738 743 773 ut
773 744 960 772 normam
988 732 1262 788 Terentianus
1289 732 1458 771 Maurus
1488 732 1547 785 (p.
1562 734 1672 771 2439
1691 732 1755 785 P.)
1784 734 1861 772 hoc
1890 735 2122 787 exemplum
2150 734 2310 776 attulit:

869 803 1038 844 Dabunt
1065 803 1215 843 malum
1245 803 1406 843 Metelli
1435 826 1491 834 —
1522 803 1684 857 Naevio
1713 810 1863 857 poetae

873 875 1064 922 „Dabunt
1092 864 1242 914 malum
1274 875 1457 914 Metelli“
1490 898 1545 905 —
1576 875 1722 914 clauda
1750 889 1847 928 pars
1878 877 2040 918 dimetri

866 947 969 986 Post
1000 946 1185 994 „Naevio
1215 950 1388 998 poetae‘
1423 969 1478 977 --
1507 953 1592 986 tres
1621 946 1736 987 vides
1765 948 1982 988 trochaeos
2542 995 2549 1003 ι

270 1022 371 1062 arsis
400 1027 470 1061 aut
497 1033 551 1060 ex
579 1033 659 1060 una
686 1019 849 1071 syllaba
876 1032 1008 1072 eaque
1036 1017 1238 1071 producta
1265 1024 1337 1057 aut
1363 1032 1417 1058 ex
1437 1018 1595 1058 duabus
1625 1019 1823 1071 correptis
1853 1019 2092 1071 constabat3
2122 1020 2250 1060 thesis
2280 1026 2417 1061 autem
2447 1025 2520 1061 aut
2545 1033 2669 1060 uuam

269 1093 470 1149 syllabam
500 1098 542 1131 et
570 1098 798 1144 correptam
828 1097 870 1130 et
898 1088 1140 1143 productam
1168 1096 1238 1130 aut
1268 1089 1368 1130 duas
1398 1090 1584 1141 syllabas
1614 1097 1828 1142 correptas
1870 1092 2233 1144 complectebatur3
2277 1093 2373 1145 quin
2405 1092 2527 1131 etiam
2557 1105 2669 1145 pror-

267 1179 336 1205 sus
365 1166 565 1217 supprimi
593 1170 767 1217 poterat.
814 1162 938 1214 Quod
967 1163 1121 1213 primus
1149 1161 1386 1202 Fridericus
1417 1162 1705 1202 Lachmannus
1736 1176 1810 1202 nos
1839 1163 1977 1204 docuit
2005 1164 2146 1204 dIcens
2164 1165 2217 1216 ¹):
2253 1195 2270 1213 „
2287 1196 2320 1205 ..
2337 1196 2347 1206 .
2375 1165 2417 1204 in
2448 1178 2568 1205 versu
2598 1165 2671 1205 Sa-

268 1238 403 1277 turnio
443 1237 611 1287 saepius
649 1235 777 1274 thesis
819 1234 970 1274 omissa
1009 1231 1297 1284 praecedentis
1338 1239 1379 1272 et
1406 1233 1617 1284 sequentis
1660 1247 1799 1273 arseos
1828 1235 1871 1275 vi
1901 1240 2219 1286 compensatur.“
2281 1235 2414 1275 Huius
2452 1236 2531 1276 viri
2562 1235 2672 1275 docti

266 1309 446 1360 vestigia
473 1313 712 1359 persecutus
743 1305 788 1346 Ο.
811 1305 859 1347 Ο.
882 1303 1104 1344 Muellerus
1139 1303 1358 1356 „supprimi
1388 1317 1510 1355 posse
1538 1303 1676 1343 theses
1706 1318 1846 1344 omnes
1877 1311 2049 1358 excepta
2075 1306 2230 1354 ultima,
2261 1308 2438 1347 maxime
2464 1308 2671 1359 paenulti-

267 1385 395 1422 mam“
441 1378 651 1419 contendit
663 1380 711 1428 ²).
772 1375 1011 1417 Corssenius
1039 1382 1173 1415 autem
1214 1374 1432 1427 „primam,
1475 1374 1666 1424 mediam,
1705 1381 1952 1428 postremam
1987 1377 2133 1416 thesim
2163 1378 2360 1430 supprimi
2390 1381 2536 1430 posse“
2571 1391 2665 1419 cen-

268 1457 331 1492 set
344 1451 392 1503 ³),
449 1450 572 1502 Quod
611 1456 752 1489 contra
781 1448 1023 1487 Fredericus
1053 1445 1300 1485 Ritschelius
1347 1459 1446 1493 „nec
1487 1446 1618 1485 omitti
1657 1460 1837 1499 unquam
1877 1448 1944 1488 vel
1983 1450 2129 1500 prioris
2170 1450 2411 1488 hemistichii
2441 1451 2668 1489 anacrusim

267 1523 336 1564 vel
373 1522 604 1562 alterutrius
642 1520 790 1560 thesim
828 1519 1012 1564 finalem,
1051 1530 1129 1557 nec
1168 1531 1347 1569 unquam
1392 1517 1511 1558 alteri
1541 1518 1793 1557 hemistichio
1837 1520 2064 1558 anacrusim
2093 1519 2209 1568 addi,
2248 1534 2323 1559 nec
2352 1521 2518 1572 saepius
2548 1534 2671 1573 quam

264 1596 307 1634 in
346 1593 518 1646 singulis
556 1593 820 1631 hemistichiis
849 1591 974 1629 semol
1004 1590 1181 1641 reliquas
1225 1591 1363 1628 theses
1396 1590 1620 1640 supprimi“
1664 1590 1842 1629 affirmat
1856 1590 1905 1641 ⁴).
1965 1591 2136 1631 Weilius
2177 1598 2313 1631 autem
2355 1599 2396 1631 et
2424 1592 2674 1632 Benloevius

265 1674 305 1706 et
334 1666 509 1719 primam
540 1670 580 1703 et
609 1663 788 1702 mediam
817 1663 963 1700 thesim
1008 1662 1206 1712 supprimi
1244 1673 1367 1711 posse
1407 1667 1531 1712 atque
1562 1674 1704 1701 versus
1733 1661 1944 1700 Saturnios
1978 1676 2062 1701 una
2100 1664 2180 1702 arsi
2220 1663 2437 1702 deficiente
2467 1664 2673 1702 exstitisse

265 1737 344 1777 sibi
372 1748 612 1789 persuasum
640 1734 792 1774 babent
804 1733 854 1783 ³).
898 1731 981 1783 Qui
1004 1732 1083 1770 viri
1105 1744 1258 1778 omnes,
1293 1732 1479 1783 quamvis
1510 1732 1615 1770 inter
1634 1745 1680 1771 se
1710 1732 1966 1785 dissentiant,
1997 1733 2075 1772 hoc
2103 1740 2240 1772 tamen
2271 1746 2483 1772 commune
2507 1734 2670 1781 habent,

268 1807 378 1862 quod
405 1820 550 1848 versus
580 1805 765 1845 Saturnii
800 1804 948 1843 thesim
983 1815 1109 1855 saepe
1139 1803 1205 1841 vel
1237 1803 1303 1841 hic
1334 1802 1402 1842 vel
1433 1803 1516 1841 illic
1546 1816 1805 1855 suppressam
1846 1816 1936 1842 esse
1966 1804 2204 1846 concedunt.
2266 1804 2367 1856 Quis
2398 1811 2531 1845 autem
2565 1818 2671 1844 erra-

269 1881 387 1927 verit,
418 1879 509 1931 quis
539 1883 652 1916 recta
682 1877 856 1914 senserit
885 1875 1119 1921 enucleare,
1152 1881 1199 1912 ut
1228 1881 1290 1913 est
1318 1874 1478 1913 illorum
1509 1888 1699 1913 versuum
1730 1875 1888 1914 habitus
1919 1882 1960 1914 et
1989 1877 2201 1925 memoria,
2242 1890 2402 1929 semper
2430 1876 2672 1924 facillimum

251 1951 359 2007 ,erit
417 1949 510 1988 Hoc
540 1962 663 1987 unum
694 1948 790 1986 mihi
820 1946 950 1985 habeo
981 1945 1351 1998 persuasissimum,
1396 1958 1603 1998 nunquam
1637 1946 1768 1985 omitti
1798 1946 1980 1998 potuisse
2008 1946 2212 1987 ulterioris
2252 1946 2498 1988 hemistichii
2526 1946 2674 1988 thesim

273 2023 461 2070 finalem,
494 2035 576 2073 qua
607 2020 753 2060 omissa
782 2031 923 2058 versus
953 2024 1099 2057 natura
1129 2016 1311 2056 funditus
1342 2016 1567 2058 tolleretur.
1613 2016 1716 2057 Nam
1746 2017 1809 2056 vis
1840 2018 2153 2073 uniuscuiusque
2188 2032 2341 2067 versus,
2374 2019 2669 2073 qualiscunque

269 2101 343 2142 est,
377 2094 451 2133 sub
480 2093 602 2132 finem
633 2089 835 2131 servanda
865 2095 940 2131 est.
998 2087 1263 2128 Grammatici
1292 2101 1411 2137 vero,
1445 2088 1516 2142 qui
1547 2088 1598 2127 de
1627 2089 1688 2127 his
1720 2090 1902 2129 versibus
1933 2091 2201 2143 scripserunt,
2244 2098 2285 2130 et
2314 2091 2421 2144 quod
2452 2091 2675 2143 proferunt

266 2179 320 2206 ex
351 2163 571 2216 superioris
598 2161 794 2214 temporis
825 2160 1089 2212 scriptoribus
1119 2160 1288 2199 mutuati
1318 2166 1412 2198 sunt
1444 2165 1486 2198 et
1510 2161 1746 2211 posterioris
1778 2162 1971 2212 temporis
2002 2162 2187 2200 doctrina
2214 2163 2492 2219 tenebantur„
2537 2163 2678 2215 Quare

266 2236 376 2292 quod
412 2236 474 2275 illi
515 2235 567 2274 de
599 2235 675 2274 hac
705 2247 747 2272 re
777 2232 1000 2272 attulerunt
1029 2232 1147 2283 parvi
1179 2232 1373 2271 momenti
1403 2237 1479 2269 est.
1545 2231 1712 2278 „Adhuc
1755 2231 1830 2269 sub
1861 2233 1994 2271 indice
2035 2232 2085 2271 lis
2116 2236 2199 2272 est“
2222 2235 2276 2281 ο).
2335 2232 2512 2272 Mettum
2543 2240 2678 2273 autem

269 2308 525 2355 Saturnium,
564 2305 673 2360 quod
705 2305 900 2343 Horatius
939 2303 1209 2351 „horridum“
1256 2304 1393 2341 dicere
1432 2315 1512 2339 non
1554 2302 1713 2339 dubitat
1729 2302 1774 2354 ⁷),
1817 2304 1981 2341 minime
2021 2304 2213 2341 idoneum
2241 2303 2391 2351 fuisse,
2431 2317 2511 2356 quo
2546 2305 2679 2357 qualis

270 2378 520 2433 syllabarum
550 2378 612 2417 vis
643 2383 684 2415 et
712 2388 900 2413 mensura
928 2375 1074 2412 fuisset
1103 2381 1298 2425 tanquam
1328 2374 1380 2410 ad
1413 2375 1603 2410 amussim
1634 2374 1845 2411 diiudicari
1874 2381 2037 2424 posset,
2066 2389 2118 2413 ex
2148 2377 2206 2413 eis
2236 2388 2344 2425 quae
2374 2389 2499 2426 supra
2527 2376 2668 2413 attuli-

272 2463 360 2490 mus
392 2450 516 2488 facile
548 2448 840 2499 intellegimus,

405 2521 494 2560 Nec
524 2520 691 2558 multum
716 2519 890 2557 Romani
920 2518 962 2555 ἰιι
988 2524 1075 2555 arte
1105 2517 1345 2568 prosodiaca
1373 2516 1635 2568 profecerunt
1664 2517 1852 2554 scaenico
1883 2530 2004 2555 versu
2034 2517 2225 2564 adhibito,
2256 2517 2348 2569 qui,
2379 2516 2487 2569 quod
2518 2523 2678 2569 spectat

270 2594 323 2634 ad
361 2594 483 2634 arsim
525 2592 773 2645 thesimquo‚
816 2590 928 2628 nulla
963 2589 1042 2628 alia
1070 2603 1114 2629 re
1143 2603 1168 2628 a
1197 2602 1317 2628 versu
1347 2588 1538 2628 Saturnio
1579 2587 1796 2626 differebat
1839 2588 1919 2639 nisi
1959 2601 2006 2626 eo
2045 2588 2154 2641 quod
2192 2588 2319 2627 thesis
2350 2600 2555 2640 nunquam
2585 2601 2677 2640 sup-

271 2666 390 2719 primi
418 2670 583 2717 poterat
611 2664 637 2702 i.
671 2676 705 2704 e.
736 2675 943 2715 nunquam
972 2659 1103 2701 latens
1136 2668 1232 2703 crat.
1294 2661 1430 2713 Atque
1459 2659 1611 2711 pedum
1641 2659 1900 2698 metricorum
1940 2660 2120 2699 varietas
2150 2661 2191 2698 in
2221 2659 2409 2699 scaenica
2438 2660 2555 2712 poesi
2584 2672 2678 2711 per-

299 2772 333 2816 1)
366 2770 561 2805 Comment.
586 2770 728 2803 Livian.
753 2769 783 2809 Ι,
809 2767 868 2801 Ἷ3.

295 2829 333 2874 2)
365 2828 492 2872 Suppl.
516 2831 637 2862 annot.
665 2827 702 2860 in
726 2826 848 2868 Pomp.
873 2824 1017 2859 Festum
1044 2835 1078 2868 p.
1105 2825 1188 2861 396.

297 2888 335 2929 8)
368 2886 496 2929 Origg.
522 2895 618 2927 poes.
645 2884 793 2917 Roman.
818 2894 852 2926 p.
881 2884 948 2915 195
974 2892 1028 2926 sq.

295 2945 332 2987 4)
367 2944 437 2978 Tit.
466 2943 669 2976 Mummiam.
695 2952 729 2984 p.
760 2944 772 2973 ι
802 2952 877 2984 sq.;
905 2941 1070 2982 inscript.
1096 2939 1162 2974 col.
1189 2938 1309 2973 Rostr.
1336 2937 1454 2972 Duell.
1477 2947 1514 2980 p.
1541 2937 1587 2969 20
1612 2947 1686 2979 sq.;
1714 2936 1816 2970 Poes.
1841 2936 1984 2987 Saturn.
2007 2936 2170 2980 spicileg.
2195 2947 2231 2980 p.
2261 2939 2277 2970 1
2304 2946 2358 2978 sq.

297 3003 333 3044 5)
364 3002 437 3034 Ace
477 3000 559 3034 Lat.
585 3009 620 3042 Ρ.
648 2999 703 3033 95.

296 3063 332 3103 6)
369 3060 469 3099 Quae
496 3068 577 3093 cum
603 3058 656 3090 ita
679 3058 763 3097 sint,
788 3056 834 3090 ad
859 3055 923 3091 hos
950 3065 1089 3096 versus,
1128 3057 1167 3087 ut
1191 3053 1443 3098 gravissimam
1468 3052 1567 3085 illam
1594 3053 1855 3096 quaestionem,
1890 3062 1982 3095 quae
2014 3056 2068 3085 est
2103 3051 2167 3094 ¹‚de
2193 3054 2363 3086 accentus
2388 3049 2579 3083 verborum
2604 3057 2684 3081 eum

369 3114 594 3138 numerorum
620 3103 818 3136 rationibus
845 3101 1142 3140 consociatione‚“
1170 3103 1370 3139 solvamus,
1397 3109 1577 3132 recurrere
1604 3100 1663 3131 vix
1687 3109 1883 3140 possumus.

297 3163 334 3208 7)
366 3163 479 3206 Epist.
509 3163 557 3203 11,
587 3164 616 3203 ι,
648 3162 723 3193 15⁷.
