3043 3532
1259 92 1594 144 -23-

837 216 969 256 Pinus
996 222 1186 270 proceras
1213 222 1476 271 pervertunt:
1505 230 1625 258 omne
1650 216 1826 257 sonabat

834 288 1058 330 Arbustum
1086 287 1251 329 fremitu
1278 287 1401 330 silvai
1428 288 1640 330 frondoni
1651 289 1705 343 ¹).

630 373 672 404 v.
700 364 803 403 231:
833 361 1065 414 Explorant
1090 360 1316 403 Numidae:
1345 367 1474 401 totam
1500 363 1631 416 quatit
1657 361 1816 415 ungula
1843 368 2003 405 terram.
2023 362 2054 414 ²)

627 448 671 476 v,
699 436 803 475 270:
833 463 952 476 .....
980 438 1197 487 postquam
1223 432 1445 473 Discordia
1472 439 1607 473 taetra

833 505 943 546 Belli
971 506 1145 546 ferratos
1166 510 1312 559 'postes
1341 508 1574 560 portasque
1590 505 1762 560 refregit
1771 505 1805 561 ⁸)

631 590 671 620 v.
701 579 807 618 318:
836 577 952 618 Unus
980 577 1099 617 homo
1129 578 1246 618 nobis
1277 577 1504 617 cunctando
1532 578 1711 618 restituit
1737 591 1824 618 rem
1834 579 1881 632 ⁴).

635 663 675 691 v.
702 650 807 689 423:
839 648 1096 689 Concurrunt
1123 649 1194 689 vel
1222 649 1283 687 uti
1310 649 1427 689 venti
1456 661 1547 687 cum
1575 649 1741 701 spiritus
1769 651 1894 689 austri

832 721 1061 760 Imbricitor
1091 720 1313 774 aquiloque
1340 733 1415 760 suo
1440 734 1535 760 cum
1561 720 1723 761 flamine
1751 728 1893 761 contra

834 793 941 833 Indu
970 794 1073 833 mari
1100 808 1252 846 magno
1280 794 1425 833 fluctus
1455 793 1657 834 extollere
1685 800 1853 837 certant.

636 880 674 906 v.
704 868 811 908 503:
840 868 897 906 Et
925 874 1010 906 tum
1034 867 1094 905 sie
1121 872 1168 906 ut
1195 880 1324 918 equus
1353 867 1423 918 qui
1453 866 1506 907 de
1537 866 1802 918 praesepibus
1830 868 1958 908 fartus

837 938 985 978 Vincla
1012 938 1094 978 suis
1123 938 1288 991 magnis
1316 937 1462 979 animis
1491 937 1656 991 abrupit
1683 944 1726 980 et
1754 939 1848 980 inde

838 1012 940 1072 Fert
968 1024 1059 1052 sese
1089 1010 1222 1064 campi
1250 1024 1326 1064 per
1354 1010 1520 1052 caerula
1548 1010 1741 1065 laetaque
1768 1018 1884 1064 prata

845 1083 968 1125 Celso
999 1089 1187 1136 pectore,
1218 1097 1343 1137 saepe
1371 1083 1509 1124 iubam
1537 1090 1707 1137 quassat
1733 1084 1852 1125 simul
1879 1084 2024 1138 altam,

839 1156 1019 1209 Spiritus
1049 1170 1103 1195 ex
1132 1157 1269 1196 anima
1298 1156 1431 1197 calida
1458 1170 1621 1210 spumas
1650 1157 1737 1210 agit
1765 1157 1880 1197 albas
1893 1157 1944 1208 ⁶).

269 1277 302 1323 1)
336 1277 408 1315 ets.
435 1276 529 1310 hunc
555 1275 707 1311 similem
731 1274 848 1308 locum
871 1273 1118 1317 Vergilianum
1142 1274 1244 1318 (Aen.
1267 1273 1331 1315 VI,
1357 1273 1425 1308 179
1450 1272 1564 1318 sqq.):

904 1333 981 1366 Itur
1005 1333 1043 1364 in
1066 1333 1250 1376 antiquam
1272 1332 1420 1373 silvam,
1445 1332 1588 1366 stabula
1612 1333 1686 1366 alta
1710 1333 1881 1375 ferarum,

901 1390 1143 1424 Procumbunt
1167 1392 1311 1434 piceae,
1335 1394 1440 1425 sonat
1463 1391 1538 1425 icta
1560 1391 1745 1426 securibus
1769 1391 1842 1426 ilex

901 1450 1173 1494 Fraxineaeque
1196 1438 1320 1484 tribes
1345 1449 1467 1484 cuneis
1491 1452 1529 1484 et
1550 1448 1663 1484 fissile
1689 1450 1799 1485 robur

900 1509 1091 1549 Scinditur,
1116 1508 1310 1542 advolvunt
1332 1509 1490 1552 ingentis
1514 1510 1693 1543 montibus
1718 1520 1834 1544 ornos.

267 1574 303 1613 2)
335 1572 377 1603 In
402 1564 505 1602 huius
532 1579 655 1603 versus
679 1567 943 1601 similitudinem
967 1567 1146 1610 Vergilius
1172 1567 1275 1611 (Aen.
1288 1568 1391 1609 vlu,
1404 1567 1497 1611 596)
1523 1568 1576 1601 ita
1599 1569 1712 1602 canit:

903 1624 1201 1669 Quadrupedsnte
1225 1629 1363 1669 putrem
1387 1627 1507 1660 sonitu
1530 1629 1646 1670 quatit
1671 1625 1809 1670 ungula
1833 1636 2003 1669 campum.

269 1691 304 1734 3)
339 1688 411 1726 css.
439 1687 548 1733 Verg.
573 1689 660 1725 Aen.
686 1683 769 1728 v11,
794 1686 883 1722 621:

1301 1749 1337 1778 et
1360 1746 1503 1778 cardine
1528 1755 1631 1778 verso

905 1804 996 1837 Belli
1021 1803 1170 1837 ferratos
1195 1804 1327 1846 rumpit
1350 1804 1517 1837 Saturnia
1541 1806 1665 1847 postis.

338 1864 427 1901 Hor.
452 1864 526 1899 Sat.
552 1864 584 1905 1,
607 1865 641 1904 4,
666 1864 712 1896 60
736 1872 834 1906 sqq.:

903 1920 1000 1962 Non,
1025 1922 1064 1952 ut
1087 1919 1121 1953 si
1144 1919 1263 1953 solvas
1304 1919 1574 1963 „Postquam
1597 1920 1853 1954 Discordia
1876 1924 2030 1953 taetra

898 1978 1017 2012 Belli
1040 1978 1243 2011 ferratos
1266 1982 1426 2021 postes
1449 1982 1708 2022 portasque
1734 1978 1968 2023 refregit,⁸

905 2038 1073 2070 Invenias
1098 2037 1208 2069 etiam
1232 2036 1371 2070 disiecti
1393 2037 1550 2069 membra
1572 2043 1710 2079 poetae.

340 2098 453 2139 Quem
478 2096 525 2130 ad
550 2096 666 2129 locum
689 2095 887 2139 Porphyrio
912 2094 1017 2130 dicit:
1058 2098 1135 2137 „est
1158 2105 1302 2130 sensus:
1337 2096 1369 2129 si
1401 2094 1576 2129 dissolvas
1600 2105 1724 2129 versus
1755 2094 1814 2128 vel
1838 2105 1934 2129 meos
1959 2093 2015 2128 vel
2038 2093 2190 2134 Lucilii,
2224 2103 2293 2126 uon
2319 2094 2481 2127 invenies
2507 2093 2633 2129 eadem

336 2157 491 2191 membra
522 2165 613 2199 quae
646 2158 730 2188 sunt
769 2154 808 2187 in
831 2153 1005 2188 Ennianis
1039 2153 1200 2187 versibus
1231 2154 1292 2197 qui
1315 2163 1445 2198 magno
1478 2153 1619 2188 scilicet
1641 2154 1768 2199 spiritu
1802 2157 1838 2187 et
1862 2153 1979 2186 verbis
2011 2151 2193 2185 altioribus
2219 2152 2403 2195 compositi
2426 2155 2521 2193 sunt,
2544 2151 2645 2186 velut

341 2215 379 2248 hi
402 2218 505 2251 sunt:
530 2216 718 2257 postquam
743 2224 774 2248 e.
789 2223 823 2255 q.
837 2223 868 2248 s.

269 2277 306 2316 4)
340 2274 445 2307 Hunc
468 2282 610 2307 versum
634 2271 814 2314 Vergilius
840 2270 940 2314 (Aen.
954 2270 1017 2312 VI,
1032 2270 1115 2313 846)
1139 2270 1205 2303 tali
1229 2270 1333 2303 modo
1356 2270 1529 2307 reddidit:

913 2328 1038 2372 ¹‚Unus
1064 2329 1127 2371 qui
1153 2328 1256 2362 nobis
1284 2329 1484 2362 cunctando
1509 2330 1666 2363 restituis
1691 2329 1798 2363 rem.‘¹

340 2389 414 2424 Cfs.
433 2389 508 2425 Cic.
533 2389 610 2424 Cat.
630 2389 713 2423 mai.
727 2388 762 2428 4,
781 2389 844 2423 10:
873 2387 972 2431 „hu-,⁴¹
1001 2388 1058 2430 (Q.
1084 2386 1236 2431 Fabius)
1263 2391 1321 2430 „et
1344 2387 1441 2421 bella
1464 2388 1613 2431 gerebat
1636 2391 1676 2421 ut
1700 2387 1908 2422 adulescens
1933 2398 2011 2421 cum
2037 2387 2143 2430 plane
2167 2387 2315 2431 grandis
2341 2392 2437 2421 esset
2465 2390 2501 2420 et
2524 2387 2632 2420 Anni·

339 2447 456 2481 belem
479 2447 683 2481 iuveniliter
712 2447 929 2480 exultantem
953 2448 1128 2490 patientis
1152 2457 1219 2480 sua
1243 2447 1447 2483 molliebat:
1473 2447 1517 2481 de
1541 2458 1610 2490 quo
1635 2446 1816 2490 praeclue
1839 2447 2024 2482 familiaris
2050 2451 2169 2481 noster
2187 2447 2343 2480 Ennius:
2368 2446 2482 2479 unus‘
2509 2455 2541 2481 e.
2555 2455 2588 2488 q.
2603 2455 2631 2479 s.

343 2505 388 2540 V.
411 2506 516 2541 Vahl.
541 2506 587 2539 ad
610 2506 646 2541 h.
668 2506 692 2541 1.

272 2562 310 2605 ὅ)
345 2562 418 2600 crs.
443 2562 539 2597 banc
559 2563 785 2597 Homericam
809 2564 892 2606 equi
916 2564 1086 2608 fugientis
1112 2561 1388 2606 descriptionem
1412 2563 1470 2606 (11.
1486 2564 1525 2605 Z,
1538 2564 1640 2607 506)=

711 2617 765 2664 ais
795 2616 833 2665 δ’
864 2614 936 2665 ὅτε
964 2636 1026 2671 τις
1054 2616 1211 2670 στατὸς
1240 2614 1408 2675 ἵππος,
1439 2617 1681 2680 ἀκοστήσας
1710 2616 1785 2663 ἐπὶ
1814 2616 1960 2677 φάντῃ
1973 2652 1985 2673 ,

716 2674 876 2733 δεσμόν
905 2673 1160 2733 οἷπορρῶξας
1186 2679 1292 2732 θείῃ
1322 2678 1492 2720 πεδίοιο
1520 2680 1742 2732 κροαίνων,

715 2730 885 2780 εἰωθώς
912 2713 1134 2775 λούεσθαι
1162 2729 1354 2799 ἑυρρεῖος
1384 2736 1614 2798 ποταμοῖο,

714 2783 913 2831 κυδιόων·
953 2783 1081 2843 ὑψοῦ
1109 2783 1160 2830 δὲ
1189 2801 1305 2853 καρτζ
1332 2782 1447 2840 ἔχει,
1477 2788 1591 2843 αμφὶ
1618 2783 1669 2830 δὲ
1696 2788 1844 2839 χαῖται

713 2840 842 2898 ὤμοις
870 2842 1109 2886 αἴσσονται·
1151 2838 1177 2885 ὅ
1206 2839 1245 2885 δ’
1273 2838 1493 2909 αγλαΐῃφι
1519 2838 1763 2894 πεποιθώς,

714 2900 855 2955 ῥίμφα
885 2896 909 2941 ἑ
934 2898 1072 2954 γοῦνα
1101 2894 1228 2954 φέρει
1253 2894 1368 2952 μετά
1394 2914 1420 2941 τ
1455 2895 1575 2955 ἤθεα
1603 2899 1676 2941 καὶ
1703 2895 1836 2953 νομὸν
1866 2895 2041 2942 ἵππων.

361 2965 579 3009 similemque
603 2967 847 3011 Vergilianum
870 2966 972 3012 (Aen.
996 2967 1060 3007 XI,
1083 2967 1184 3010 492):

918 3024 1044 3067 Qualis
1068 3024 1131 3058 ubi
1154 3022 1313 3066 abruptis
1341 3022 1435 3067 fugit
1457 3023 1644 3067 praesepia
1665 3023 1794 3058 vinclis

917 3084 1076 3118 Tandem
1098 3083 1188 3117 liber
1213 3091 1323 3124 equus
1348 3091 1538 3125 campoque
1561 3083 1693 3125 potitus
1718 3086 1840 3127 aperto
