3043 3532
1274 97 1610 150 ..25-

246 238 332 280 quo
357 234 484 266 versu
511 226 636 276 poeta
662 220 1017 273 Lampsacum
1044 220 1206 271 urbem,
1243 220 1355 275 quod
1380 222 1711 274 Lampsacus
1735 220 1805 262 vel
1831 220 2181 275 Lampsacum
2208 213 2380 262 formam
2407 222 2481 263 vix
2509 223 2638 265 habe-

253 298 323 339 bat
356 296 428 337 ubi
462 298 656 349 poneret,
693 292 868 333 hunnus
893 293 1033 346 speeie
1060 292 1241 334 indutam
1268 293 1499 347 alloquitur.
1559 293 1654 346 Qua
1681 293 2000 348 conformatione
2027 304 2170 335 versus
2199 303 2291 333 cum
2318 293 2516 347 singulari
2542 305 2633 335 sua·

248 369 374 410 vitate
401 371 705 419 venustumque
733 364 930 424 perfacile
958 365 1096 405 currit.
1149 363 1350 419 Idemque
1375 364 1551 419 quadrat
1576 367 1618 406 in
1646 365 1747 408 Hor.
1776 365 1864 409 sat.
1893 365 1927 415 1,
1951 367 1997 415 χ15,
2028 367 2105 405 242

711 437 821 486 „Ora
846 448 1074 491 manusque
1102 444 1174 478 tua
1201 437 1388 488 lavimur,
1417 439 1614 489 Feronia,
1643 438 1864 493 lympha‚‘
1897 438 2050 490 (Koen.
2063 451 2103 492 p.
2120 439 2208 490 47).

386 512 526 565 saepo
550 517 688 551 autem
714 510 865 550 factum
891 516 967 560 est,
994 517 1041 550 ut
1067 510 1111 550 iu
1139 511 1274 551 locum
1300 511 1589 552 vocabulorum
1622 518 1762 553 contra
1788 523 2021 552 mensuram
2048 511 2291 564 dactylicam
2319 511 2634 565 repugnantium

253 599 397 634 voces,
435 583 513 625 sub
550 583 695 636 quibus
733 582 877 622 similis
913 584 1119 623 sententia
1154 583 1338 624 subiecta
1376 590 1476 633 erat,
1518 584 1868 625 substituerentur.
1938 583 2061 624 Unde
2098 583 2294 625 habemus
2332 596 2413 637 quo
2454 588 2631 634 natus,

255 664 454 705 cretus,
505 660 736 704 creatus,
791 660 962 703 satus,
1013 655 1254 707 genitus,
1293 654 1454 699 -similia
1497 656 1698 696 vocabula
1738 656 1849 697 idem
1889 656 2001 711 quod
2043 655 2198 696 filius
2249 656 2521 708 significantia
2571 646 2632 696 iu·

255 729 509 781 tellegamus.
545 726 679 767 Koen.
701 740 741 778 p.
768 727 834 767 37.
900 726 982 765 Pro
1025 739 1082 779 „p
1096 727 1266 766 osteri
1280 729 1298 749 '⁶
1339 727 1520 778 nomine,
1559 728 1671 767 cuius
1709 728 1844 768 nullus
1882 741 2001 768 casus
2038 727 2092 767 ad
2128 740 2355 767 mensuram
2384 727 2634 780 dactylicam

172 796 177 798 ’
256 798 512 841 accomodari
550 803 702 850 potest,
742 802 889 849 poetae
926 796 994 838 vel
1021 798 1323 849 posteritas
1351 799 1514 838 nomine
1552 799 1689 852 (ovid.
1712 801 1822 839 Fast.
1847 800 1880 848 I,
1906 800 2006 852 239)
2036 799 2266 847 utebantur,
2307 799 2375 840 vel
2403 799 2632 839 minores

252 872 313 926 (V
317 873 392 925 irg.
404 870 509 912 Aen.
521 869 554 919 Ι,
565 871 660 918 532,
676 871 768 911 732.
791 869 865 918 VI,
882 870 984 919 822)
1012 882 1114 909 voce
1143 865 1270 923 eaque
1298 884 1337 910 m
1347 885 1373 910 a
1383 870 1397 909 i
1408 885 1431 909 0
1441 885 1462 909 r
1473 883 1495 910 e
1506 884 1525 910 s
1554 871 1645 911 voci
1672 869 1942 924 pulcherrime
1970 871 2173 924 opposita.
2231 869 2286 910 Et
2310 884 2337 909 ιι
2348 884 2387 909 ιιι
2397 871 2423 910 b
2433 885 2453 910 r
2463 885 2487 912 a
2497 884 2521 911 e
2530 894 2545 902 —
2557 870 2630 912 Si·

197 935 201 939 ’
255 944 306 984 le
317 957 344 984 ιι
356 951 373 983 t
384 956 411 983 u
421 956 462 982 m
491 941 630 995 (Ovid.
646 942 744 983 Met.
759 941 854 992 XV,
871 941 970 995 797)
1001 941 1213 994 eleganter
1233 943 1423 996 exprimit
1450 956 1477 982 u
1487 956 1526 982 m
1535 943 1561 983 b
1570 957 1591 982 r
1601 956 1626 983 a
1636 957 1659 983 e
1686 957 1724 983 m
1736 957 1759 984 o
1769 958 1790 983 r
1799 950 1816 984 t
1825 957 1851 983 u
1863 958 1914 984 or
1923 958 1950 983 u
1960 957 2012 983 m.
2041 943 2176 984 Koen.
2191 943 2218 983 l.
2233 957 2269 985 a.
2289 942 2373 984 Cfs.
2384 943 2509 996 Verg.
2524 943 2629 985 Aen.

254 1016 326 1065 VI,
354 1016 455 1056 432:
493 1013 593 1055 ille
621 1013 1301 1067 silentum-conciliumque
1328 1022 1486 1056 vocat
1514 1028 1548 1056 e.
1564 1028 1601 1069 q.
1615 1028 1648 1057 s.-
1701 1017 1790 1056 Nec
1818 1023 1930 1056 caret
1958 1017 2159 1056 suavitate
2180 1015 2359 1070 quadam
2387 1015 2632 1056 Ovidianum

239 1087 351 1128 ‘illud
388 1087 626 1127 feminea
644 1100 666 1127 e
709 1086 870 1126 sortis
910 1085 1026 1139 (Met.
1047 1085 1120 1136 VI,
1146 1087 1250 1135 679)
1289 1099 1363 1139 pro
1402 1086 1553 1128 filias
1589 1088 1656 1129 vel
1683 1088 1907 1129 feminas
1937 1089 2004 1129 vel
2031 1088 2210 1141 virgin
2225 1100 2302 1137 es,
2343 1088 2496 1142 quippe
2524 1100 2631 1141 quae

252 1168 333 1201 tres
363 1159 517 1199 formae
546 1159 589 1198 in
617 1165 787 1199 metrum
808 1157 1051 1211 dactylicum
1078 1172 1161 1199 non
1190 1158 1338 1199 cadant
1366 1160 1519 1214 (Koen.
1533 1174 1573 1213 p.
1590 1161 1675 1212 51).
1732 1160 1851 1213 Quod
1878 1160 2085 1213 Vergilius
2116 1160 2276 1201 scribit:

719 1232 941 1284 „Quamvis
970 1231 1095 1271 multa
1122 1232 1225 1271 meis
1256 1232 1388 1272 exiret
1415 1233 1500 1273 vic
1511 1234 1598 1272 tim
1612 1248 1636 1273 a
1662 1234 1833 1286 saeptis“
1867 1233 1980 1282 (Ecl.
1995 1233 2028 1282 1,
2045 1234 2136 1283 34),

723 1298 1094 1353 „Quadrupedante
1123 1305 1283 1352 putrem
1313 1300 1448 1340 sonitu
1477 1301 1611 1354 quatit
1640 1314 1703 1340 un
1715 1301 1801 1352 gul
1814 1315 1839 1340 a
1867 1314 2053 1352 campum
2082 1301 2206 1349 (Aen.
2223 1298 2342 1348 VIII,
2359 1300 2477 1349 596),

255 1372 560 1426 comprehensio
599 1385 704 1425 quae
740 1372 826 1411 vic
835 1372 925 1411 tim
934 1385 959 1410 a
969 1402 979 1420 ,
1030 1384 1057 1410 u
1068 1386 1094 1410 n
1104 1385 1132 1424 g
1142 1371 1231 1411 ula
1271 1372 1440 1412 vocibus
1480 1373 1587 1412 inest
1596 1402 1606 1422 ,
1656 1387 1738 1413 non
1777 1373 1899 1413 habet
1936 1373 2045 1426 quod
2082 1368 2359 1424 vituperemus
2402 1370 2476 1411 sed
2518 1370 2630 1425 quod

254 1446 461 1486 laudemus
490 1445 616 1499 (quod
629 1451 767 1485 contra
780 1445 850 1484 css.
864 1444 997 1485 Koen.
1011 1457 1051 1496 p.
1066 1445 1151 1497 48).
1170 1444 1173 1445 ’
1205 1444 1295 1485 Nec
1324 1459 1427 1499 quae
1455 1445 1675 1486 afferantur
1703 1438 1869 1497 indigna
1897 1451 1991 1486 sunt
2014 1445 2133 1487 talia:
2163 1458 2190 1497 p
2201 1459 2253 1485 ra
2263 1457 2286 1484 e
2297 1458 2335 1484 ιιι
2346 1445 2394 1484 ia
2421 1457 2448 1496 p
2461 1443 2560 1484 alm
2569 1456 2595 1483 a
2604 1456 2629 1484 e

252 1518 397 1570 (Verg.
416 1518 567 1568 Georg.
584 1517 663 1566 111,
679 1519 767 1568 49),
796 1517 940 1568 glori
954 1530 979 1555 a
1005 1516 1214 1569 palmae
1242 1517 1362 1569 (ibid.
1378 1517 1436 1566 ΙΙ,
1453 1518 1551 1570 102)
1582 1532 1656 1570 pro
1687 1532 1856 1570 praem
1870 1518 1919 1557 ia
1949 1518 2242 1565 victoriae,
2270 1517 2443 1566 gloria
2462 1516 2628 1556 victo-

253 1604 272 1629 r
284 1591 331 1631 ia
343 1603 365 1631 e
394 1590 697 1643 elegantissime
728 1589 848 1630 dicta.
912 1589 989 1628 Nu
1001 1589 1116 1641 ptia
1127 1602 1150 1628 e
1180 1589 1355 1629 nominis
1386 1589 1724 1641 significationem
1751 1591 1908 1643 poetica
1942 1589 2092 1630 taeda
2121 1604 2205 1631 vox
2233 1589 2367 1629 habet.
2397 1587 2484 1629 Cfs.
2507 1586 2628 1628 Ovid.

253 1663 349 1704 Met.
373 1663 453 1713 1x,
479 1665 580 1703 721:

717 1734 930 1785 „Coniugii
958 1740 1181 1787 pactaeque
1210 1741 1452 1788 exspectant
1479 1742 1664 1789 tempora
1691 1735 1916 1775 taedae.“

252 1806 386 1859 Atque
414 1806 619 1859 Vergilius
649 1806 768 1860 (Aen.
781 1807 859 1855 XI,
877 1808 955 1845 133
975 1810 1080 1859 sq.):
1124 1805 1130 1813 '

721 1879 813 1926 „Bis
846 1892 964 1918 senos
993 1879 1190 1931 pepigere
1219 1878 1305 1918 dies
1335 1885 1376 1919 et
1405 1892 1509 1932 pace
1538 1886 1750 1933 sequestra

715 1946 796 1984 Per
825 1946 947 1985 silvas
978 1946 1129 1984 Teucri
1156 1946 1356 1999 mixtique
1385 1948 1538 1999 inpune
1566 1948 1707 1985 Latini

714 2013 920 2052 Erravere
948 2013 1088 2064 iugiS.“

250 2085 432 2125 scribens
461 2085 562 2125 nihil
592 2084 701 2125 aliud
729 2085 936 2138 significat
965 2086 1065 2124 nisi:
1104 2085 1349 2125 inducias
1384 2087 1708 2139 pepigerunt
1746 2085 2013 2127 duodecim
2052 2083 2251 2126 dierum
2279 2089 2330 2125 et
2357 2096 2452 2137 per
2480 2081 2626 2123 indu-

251 2158 361 2197 cias
403 2172 675 2200 erravere.
732 2157 814 2198 Sed
855 2164 895 2198 et
932 2159 1178 2199 inducias
1225 2166 1267 2199 et
1294 2159 1569 2200 duodecim
1610 2160 1826 2200 abhorrent
1854 2174 1878 2200 a
1905 2166 2032 2199 metro
2062 2156 2267 2210 dactylico
2296 2155 2452 2209 (Koen.
2474 2170 2514 2209 p.
2539 2155 2628 2207 53).

251 2230 483 2271 Necessitas
506 2231 629 2283 igitur
651 2236 814 2282 poetam
838 2244 887 2270 eo
908 2230 1080 2271 adduxit
1106 2237 1152 2271 ut
1171 2232 1280 2272 belle
1307 2238 1562 2285 venusteque
1591 2232 1755 2275 diceret.
1798 2232 1948 2272 Nescio
1979 2245 2031 2271 an
2060 2230 2241 2271 indidem
2270 2229 2470 2282 originem
2499 2227 2626 2269 duxe-

252 2302 332 2343 rint
358 2302 473 2343 talia:
504 2303 729 2345 caerula
758 2303 901 2344 coeli
930 2302 1068 2357 (Ovid.
1090 2303 1204 2344 Fast.
1230 2304 1286 2354 H,
1313 2304 1426 2358 487),
1454 2305 1642 2346 ultima
1670 2304 1833 2358 campi
1864 2304 1981 2354 (ibid.
2006 2304 2062 2354 H,
2089 2304 2202 2355 215),
2233 2301 2431 2343 vitalia
2457 2293 2630 2342 rerum

257 2374 438 2427 (Lucret.
458 2375 517 2425 ΙΙ,
544 2375 659 2428 577),
688 2375 864 2425 ardua¹
880 2381 1141 2417 terrarum
1171 2377 1320 2431 (Verg.
1333 2377 1435 2418 Aen.
1450 2377 1502 2427 V,
1521 2378 1621 2429 659)
1651 2377 1800 2417 similia
1826 2378 1978 2429 (Koen.
1995 2389 2034 2429 p.
2052 2378 2129 2430 623
2159 2375 2300 2416 Gossr.
2314 2375 2369 2414 ad
2382 2375 2510 2427 Verg.
2524 2374 2628 2417 Aen.

252 2445 289 2498 1,
309 2446 421 2499 422),
464 2461 585 2501 quam
622 2448 867 2487 locutionem
908 2448 1103 2488 Romanis
1141 2449 1344 2499 placuisse
1381 2449 1477 2489 inde
1515 2450 1645 2489 conici
1679 2455 1813 2501 potest
1851 2449 1959 2501 quod
1988 2461 2013 2487 a
2041 2449 2258 2496 Sallustio,
2295 2449 2441 2497 Livio,
2479 2450 2625 2488 Tacito

252 2525 419 2571 recepta
434 2526 510 2563 est.
535 2521 670 2560 Koen.
686 2533 727 2572 p.
744 2522 809 2560 62.
839 2520 962 2572 Quod
978 2521 1184 2573 Vergilius
1205 2521 1319 2573 (Ecl.
1332 2522 1429 2570 VH,
1445 2522 1516 2575 47)
1551 2522 1797 2570 „solstitium
1824 2536 1850 2573 p
1863 2535 1916 2561 ec
1927 2534 1949 2560 o
1960 2521 2004 2559 ri
2034 2518 2267 2560 defendite“
2286 2533 2361 2572 pro
2380 2519 2626 2569 „Solstitium

255 2603 280 2628 a
318 2603 467 2643 pecore
503 2592 733 2632 defendite“
779 2590 890 2642 dicit,
930 2594 1049 2633 huius
1079 2594 1278 2647 elegantis
1315 2594 1529 2634 locutionis
1569 2607 1711 2634 caussa
1746 2593 1841 2633 inde
1874 2592 2055 2645 petenda
2083 2598 2145 2632 est
2186 2592 2296 2645 quod
2324 2605 2518 2645 pecore
2546 2593 2628 2632 nisi

256 2661 424 2703 elisione
453 2664 635 2705 adhibita
674 2678 756 2704 non
786 2665 897 2704 eadit
924 2666 966 2704 in
994 2678 1223 2706 mensuram
1252 2666 1506 2718 dactylicam.
1564 2665 1722 2705 Eodem
1751 2664 1856 2704 redit
1888 2664 2053 2713 „haeret
2081 2664 2243 2704 lateri
2279 2664 2416 2704 letalis
2444 2663 2624 2704 arundo‘

253 2732 397 2786 (Verg.
422 2736 528 2779 Aen.
552 2736 626 2786 IV,
655 2737 739 2791 73),
770 2751 850 2791 quo
880 2738 1040 2778 dicendi
1068 2751 1219 2790 genere
1248 2744 1370 2792 poeta
1396 2737 1464 2779 vel
1497 2738 1660 2787 „haeret
1688 2737 1858 2777 latere
1887 2737 2021 2776 letalis
2051 2736 2243 2786 arundo,“
2286 2737 2354 2777 vel
2386 2737 2551 2785 „haeret
2577 2738 2629 2776 in

252 2804 430 2847 latere
469 2807 607 2849 letalis
647 2809 838 2860 arundo‚“
883 2811 1035 2864 quippe
1073 2811 1183 2865 quod
1220 2817 1435 2865 utrumque
1473 2823 1498 2850 a
1533 2822 1723 2849 mensura
1761 2808 1966 2862 dactylica
2003 2809 2181 2849 alienum
2209 2809 2272 2857 sit,
2303 2809 2459 2849 evitare
2486 2809 2630 2852 voluit.

255 2878 338 2920 Cfs.
361 2880 450 2922 Ecl.
472 2881 547 2932 VI,
575 2884 648 2926 16:
693 2889 824 2933 „serta
854 2885 1030 2937 capiti
1058 2884 1265 2937 delapsa!
1299 2884 1432 2925 Koen.
1453 2896 1493 2936 p.
1517 2885 1608 2925 112.
1635 2884 1727 2925 132.
1757 2880 1928 2924 Ovidius
1959 2883 2076 2936 (Met.
2097 2883 2171 2931 IV,
2192 2881 2431 2937 389-415)
2459 2882 2631 2935 Minyae

257 2951 362 2992 filias
395 2953 437 2993 in
466 2957 776 3008 vespertiliones
806 2956 1113 3009 transfiguratas
1144 2971 1234 2998 esse
1263 2971 1432 2998 narrans
1470 2956 1890 3009 vespertiliones
1929 2957 2044 2997 vocis
2080 2961 2220 3010 utpote
2256 2955 2300 2996 in
2329 2960 2502 2996 metrum
2532 2955 2627 2996 dac·

259 3023 426 3075 tylicum
459 3039 541 3067 non
568 3028 802 3083 quadrantis
830 3030 912 3071 vim
940 3030 999 3070 sic
1028 3029 1228 3073 reddidit:

724 3103 878 3153 „Nocte
906 3104 1067 3153 volant,
1096 3117 1268 3157 seroque
1295 3102 1459 3143 trahunt
1487 3117 1511 3142 a
1538 3115 1709 3153 vespere
1738 3106 1929 3151 nomen,“

2331 3167 2359 3206 4
