3043 3532
1255 148 1589 203 ..15-

224 275 508 335 quim'multo
534 272 690 325 terim,-
718 271 938 330 usurpata⁴⁴
970 269 1170 319 videmus.
1188 322 1193 326 ,
1212 276 1367 319 Bit-eh.
1396 267 1557 330 1.²a.'p.
1589 278 1668 317 126
1698 291 1786 331 sqq.
1835 262 1959 329 'Quae
1982 273 2126 317 'antem
2154 272 2405 317 Ritsohelius
2434 276 2616 319 rimando

225 335 688 404 singulf'dbi'vidstur
718 349 923 397 effecisse,
965 361 1015 387 ea
1044 347 1184 399 paucis
1213 347 1273 401 (p.
1297 341 1398 400 134)
1426 348 1490 388 his
1511 341 1655 389 *verbis
1686 346 1987 402 complectitur:
2037 348 2252 401 gnegleeta
2277 349 2321 387 in
2337 343 2617 397 'media‘vooe

227 424 291 462 v³is
318 420 533 476 positionis
564 426 607 459 et
634 429 925 472 paucorum
952 420 1333 460 vocabulorum
1364 420 1764 473 bisyllsbornm
1786 422 1916 460 'certis
1946 409 2419 473 exemplis'eontinetur,
2465 427 2507 460 et
2533 420 2625 460 illo·

229 494 772 544 rumitreomparatorum,
813 498 860 531 ut
887 503 980 532 neo
1007 498 1116 531 tres
1144 505 1368 545 unquam
1397 493 1768 544 corripiantur,
1799 493 1874 534 sed
1902 492 2105 533 tantum
2133 492 2291 533 binae
2320 489 2624 533 consonan-

228 553 340 615 tes,
380 570 422 604 et
447 564 590 605 harum
616 560 839 612 altera,⁷si
867 577 892 604 a
919 570 967 603 st
996 570 1037 604 et
1065 565 1282 617 geminatis
1311 564 1572 614 discesseris,
1612 559 1743 606 soleat
1770 566 1980 620 liquida
2009 578 2120 615 esse,
2150 571 2196 604 ut
2224 566 2267 604 in
2296 564 2441 614 inde,
2473 565 2623 614 unde,

227 637 394 685 intus,
425 634 566 676 inter
595 634 863 688 (interim),
885 633 1096 687 nempe,
1128 632 1341 677 om'nis,“v

363 707 515 770 Atque
533 708 851 761 eorreptionem,
886 719 1047 760 „quae
1070 708 1140 748 fit
1167 709 1221 748 in
1248 704 1492 748 binarum
1520 722 1707 750 vocum
1736 713 2043 759 conoursu‚“
2077 709 2323 749 Ritseh'elius
2354 706 2449 762 (lssa.
2466 721 2507 762 p.
2523 708 2620 759 138)

228 789 309 822 tam
340 780 522 833 angustis
553 780 751 820 cancellis
769 778 774 782 ”
790 781 1132 832 circumscriptam
1161 781 1302 830 voluit,
1336 778 1390 820 'ut
1418 781 1520 820 nihil
1550 782 1662 821 aliud
1689 782 1767 823 huc
1794 783 1998 835 pertinere
2026 787 2214 834 putaret,
2253 782 2334 821 nisi
2362 781 2623 831 interrogati·

227 866 321 893 vam
351 865 413 891 ne
441 852 701 904 particulam,
747 852 885 901 „euius
926 852 1149 891 sanatura
1178 852 1274 901 fuit,
1312 860 1358 890 ut
1386 840 1547 897 abiecta
1575 859 1625 902 ,e‘
1655 855 1789 894 vocali
1831 854 1944 892 nulla
1973 854 2146 892 oriretur
2175 857 2228 902 ,n‘
2257 843 2417 892 litterae
2447 852 2489 891 et
2505 850 2626 890 “inse-

228 926 389 979 quentis
418 926 681 964 consonantis
709 924 896 976 positio,“
931 931 972 964 et
999 925 1105 973 hic,
1136 926 1226 966 1160
1256 925 1419 973 formas,
1449 924 1502 965 de
1521 938 1689 978 quarum
1724 922 2003 978 „correptione
2025 930 2133 966 ante¹
2150 939 2212 978 qu
2241 938 2385 964 sonum
2414 923 2624 976 (adsimi-

232 998 446 1037 litudinem
477 1000 652 1037 §coum
684 997 814 1048 vocis)
843 997 887 1035 in
915 997 1117 1048 principio
1147 1011 1337 1036 versuum
1365 998 1774 1037 dubitandumesse‘
1807 999 1984 1049 negavit.
2035 989 2118 1036 'De
2146 982 2491 1048 voculis'apud,
2522 997 2625 1049 qni-

227 1070 553 1117 dem‚‘enim,
584 1076 778 1116 tamen,
809 1069 981 1115 simul,
1012 1083 1213 1117 manus,
1243 1083 1441 1117 senem,
1472 1070 1636 1117 fores,
1666 1072 1832 1109 minas
1863 1078 1902 1109 et
1930 1063 2037 1123 q'uae
2067 1076 2160 1109 sunt
2189 1069 2359 1115 similia,
2390 1059 2434 1107 in
2462 1067 2620 1120 quibus,

229 1143 264 1181 si
296 1138 547 1181 eommunem
578 1141 811 1194 opinionem
839 1140 1057 1194 sequimur,
1098 1141 1299 1194 correptio
1328 1140 1505 1181 admissa
1534 1148 1608 1190 est,
1649 1142 1896 1182 Ritsohelius
1927 1141 1988 1195 (p.
2018 1141 2115 1194 142)
2140 1141 2216 1181 sio
2244 1138 2505 1180 statuendum
2521 1142 2627 1179 ‘esse

236 1214 405 1264 censuit,
433 1220 479 1253 ut
508 1227 591 1253 uon
619 1220 699 1254 tam
733 1213 954 1266 „correptis
981 1213 1133 1253 ultimis
1162 1212 1337 1266 syllabis
1365 1227 1484 1268 quam
1512 1214 1812 1268 pronuntiando
1842 1214 1949 1255 elisis
1978 1214 2142 1267 primis“
2186 1212 2283 1253 illae
2312 1211 2489 1253 voculae
2501 1215 2509 1222 “’
2521 1208 2627 1252 sicut

235 1285 451 1335 „bo*nus‚
482 1286 688 1334 bonum,
717 1285 905 1334 malos,
937 1286 1085 1334 mali,
1117 1286 1269 1334 benef
1298 1284 1456 1335 male,
1489 1286 1708 1335 domum,
1740 1283 1897 1333 domi,
1939 1286 2108 1325 domo⁴⁴
2152 1285 2285 1325 dic'tae
2316 1297 2408 1324 esse
2437 1291 2630 1336 putaren-

228 1366 305 1400 tur.
373 1358 499 1397 Cuius
537 1358 770 1398 sententiae
810 1363 1014 1397 auctorem
1054 1357 1192 1396 attulit
1228 1357 1350 1411 (Mus.
1379 1359 1507 1398 Rhen.
1536 1358 1658 1412 XIV,
1683 1370 1720 1411 p.
1746 1359 1848 1413 403)
1886 1358 2163 1398 Godofredum
2208 1357 2512 1405 Hei-mannum,
2557 1356 2629 1409 qui

236 1444 363 1483 saepe
392 1431 675 1484 monosyllaba
706 1444 795 1470 esse
825 1432 983 1479 domi,
1014 1431 1161 1476 boni,
1192 1431 1341 1482 mali,
1370 1431 1553 1470 malum
1583 1431 1795 1470 contendit
1808 1433 1854 1482 ¹).
1922 1432 2072 1470 Postea
2101 1437 2236 1470 autem
2266 1423 2513 1468 Ritschelius
2543 1435 2624 1467 stu-

236 1503 314 1541 diis
351 1503 623 1556 epigraphieis
666 1516 714 1542 eo
756 1504 966 1555 pervenit,
1004 1509 1048 1541 ut
1085 1503 1208 1554 longe
1251 1504 1371 1542 aliter
1411 1506 1488 1543 hae
1530 1504 1582 1543 de
1609 1518 1656 1543 re
1694 1504 1954 1543 iudicandum
1984 1517 2073 1542 esse
2102 1503 2375 1553 intellegeret.
2433 1502 2624 1554 Namque

236 1581 397 1614 vetusta
438 1582 697 1615 monumenta
741 1566 1008 1627 epigraphica
1050 1581 1114 1613 sat
1157 1575 1284 1614 multa
1324 1576 1516 1627 exempla
1544 1576 1746 1627 praebent
1787 1577 2095 1623 vocabulorum,
2141 1588 2311 1627 quornm
2353 1580 2625 1613 consonantes

235 1648 379 1685 finales
414 1662 578 1697 prorsus
619 1648 791 1685 omissae
829 1653 933 1692 sunt,
974 1646 1098 1696 idque
1132 1655 1352 1697 propterea
1391 1648 1500 1698 quod
1538 1647 1743 1687 sermone'
1764 1650 1983 1695 cotidiano,
2023 1662 2143 1699 quem
2172 1648 2314 1686 comici
2344 1646 2494 1684 imitari
2523 1645 2623 1683 nite·

237 1719 441 1769 bantur-²),
479 1734 560 1758 non
595 1719 975 1770 pronuntiabantur.
1042 1720 1105 1757 Ao
1143 1721 1274 1770 primo
1313 1720 1477 1771 quidem
1514 1720 1604 1760 loeo
1645 1721 1894 1772 liquidae
1932 1720 2147 1771 ponendae
2175 1727 2279 1759 sunt,
2336 1718 2416 1757 Pro
2448 1725 2627 1756 tamen

235 1807 337 1833 voce
366 1791 582 1844 aliquando
613 1791 819 1831 exstitisse
856 1798 991 1831 tame
1029 1789 1198 1831 formam
1227 1798 1398 1833 constat.
1456 1792 1523 1832 Ex
1553 1807 1635 1844 qua
1663 1792 1794 1832 forma
1833 1799 1934 1831 tam
1962 1771 2286 1843 monosyllabum
2316 1796 2446 1830 ortum
2474 1794 2536 1829 est
2565 1787 2626 1828 id·

237 1879 317 1916 que
347 1865 388 1904 in
417 1852 654 1916 posterioris
685 1863 829 1905 aetatis
859 1861 1128 1915 inscriptione
1141 1862 1175 1914 ³)
1204 1863 1246 1904 id
1276 1864 1385 1916 quod
1414 1871 1592 1905 tamen
1621 1852 1877 1917 significans,
1910 1880 2027 1918 quam
2057 1862 2395 1914 significationem
2427 1860 2549 1902 etiam
2579 1860 2624 1900 in

228 1937 446 1979 tametsi
488 1937 712 1990 composito
752 1943 951 1978 servatam
981 1933 1167 1978 videmus
1179 1936 1228 1985 ⁴).
1294 1936 1451 1978 Eodem
1479 1937 1657 1987 simul,
1690 1939 1851 1980 semel
1889 1945 2077 1991 spectant
2104 1950 2333 1979 mensuram
2368 1932 2623 1987 pyrrhichia-

232 2023 318 2049 eam
357 2023 480 2063 saepe
520 2004 629 2064 apud
658 2009 850 2049 Plautum
891 2014 986 2048 ante
1015 2008 1297 2062 insequentem
1326 2016 1615 2050 consonantem
1647 2012 1891 2064 aequantia,
1932 2023 2176 2065 quamquam
2204 2007 2497 2062 pronuntiandi
2525 2018 2621 2046 con·

228 2081 483 2122 suetudinem
519 2081 582 2122 his
623 2082 666 2121 in
703 2081 858 2122 voculis
898 2080 1038 2123 etiam,
1060 2080 1275 2120 scribendo
1312 2080 1580 2133 significatam
1622 2094 1712 2122 esse
1750 2083 1964 2123 nescimus.
2033 2080 2152 2135 Quod
2190 2087 2325 2121 tamen
2364 2080 2406 2118 in
2435 2078 2584 2118 simit
2604 2091 2630 2116 u

230 2159 271 2210 (i.
295 2171 329 2197 e.
359 2156 536 2209 simul)
566 2169 638 2208 pro
668 2156 881 2195 simitur
909 2154 1062 2194 factum
1093 2160 1166 2202 est,
1207 2160 1420 2206 praeterea
1449 2155 1490 2193 in
1521 2154 1686 2204 MAIO,
1718 2155 1864 2196 MINO
1893 2155 2235 2208 Epithaphiorum
2266 2153 2628 2193 Praenestinorum

237 2233 273 2272 1.
305 2231 370 2272 16.
401 2230 468 2271 26.
498 2230 564 2270 48.
595 2230 644 2268 71
676 2229 804 2279 (Anu.
834 2226 886 2266 de
914 2227 1014 2266 Inst.
1049 2228 1167 2273 1855,
1198 2239 1235 2278 p.
1260 2228 1312 2266 78
1342 2228 1422 2279 sq.)
1436 2227 1481 2279 ὅ).
1538 2227 1828 2267 Mommsenius
1858 2235 1992 2267 autem
2019 2226 2184 2275 MAIO,
2216 2225 2360 2265 MINO
2391 2225 2544 2264 formas
2576 2223 2630 2263 ad

232 2300 422 2349 MAIOS,
461 2299 635 2339 MINOs
673 2298 924 2339 revocandas
966 2309 1055 2337 esse
1094 2299 1262 2350 putav),
1302 2299 1343 2336 id
1383 2298 1490 2351 quod
1530 2300 1802 2337 necessarium
1844 2310 1934 2337 esse
1963 2298 2210 2336 Ritsohelius
2253 2297 2398 2335 merito
2440 2302 2568 2346 negat
2581 2296 2631 2345 ⁷).

258 2440 294 2485 1)
324 2441 439 2477 Elem.
465 2441 575 2474 doctr.
601 2443 704 2476 metr.
729 2449 764 2483 p.
788 2441 845 2475 65.

256 2499 291 2542 2)
323 2499 397 2535 cen.
421 2501 513 2535 Mar.
540 2500 676 2533 Victor·
700 2509 734 2541 p.
760 2498 849 2533 256:
888 2497 1046 2539 „Comici
1071 2497 1152 2530 dum
1178 2499 1394 2531 cotidianum
1418 2510 1614 2534 sermonem
1639 2501 1768 2532 imitari
1793 2500 1962 2538 nituntur,
2000 2501 2112 2530 metra
2137 2498 2270 2529 vitiant
2294 2496 2436 2536 studio,
2469 2506 2541 2528 non
2567 2496 2628 2527 im-

323 2559 472 2601 peritia,
504 2557 598 2602 quod
622 2557 841 2600 frequentius
867 2556 962 2600 apud
986 2563 1126 2590 nostros
1158 2567 1264 2600 quam
1289 2558 1444 2591 Graecos
1477 2558 1696 2591 invenimur·
1732 2558 1791 2600 (cf.
1818 2558 1929 2592 Prisc.
1956 2557 2017 2593 lib.
2043 2557 2086 2589 de
2112 2566 2205 2590 vers.
2233 2565 2323 2592 eom.
2349 2565 2385 2598 p.
2415 2555 2520 2590 1321.
2546 2553 2628 2588 Ter.

323 2617 440 2655 Maur.
465 2617 586 2660 2433).
644 2616 836 2652 Praeterea
867 2625 959 2659 quae
993 2615 1187 2650 afferantur
1221 2616 1331 2660 digna
1362 2621 1446 2651 sunt
1478 2616 1689 2659 Quintiliani
1726 2618 1836 2652 verba
1869 2616 1940 2661 (ΙΙ.
1968 2616 2021 2657 10,
2051 2615 2128 2657 l3):
2147 2632 2150 2634 ·
2168 2614 2295 2657 „Quod
2327 2614 2464 2648 ficiunt
2488 2614 2625 2646 ωῒῡῐθδ

330 2676 477 2718 comici,
508 2677 570 2719 qui
601 2686 667 2709 nee
698 2677 750 2709 ita
780 2685 944 2719 prorsus,
979 2679 1020 2708 ut
1044 2686 1107 2727 nos
1133 2676 1242 2719 vulgo
1266 2676 1452 2719 loquimur,
1476 2678 1721 2719 pronunciant,
1746 2677 1841 2720 quod
1867 2679 1962 2709 esset
1986 2677 2062 2708 sine
2090 2678 2188 2716 arte,
2221 2685 2287 2707 nee
2311 2673 2435 2717 procul
2460 2676 2579 2704 tamen
2605 2680 2629 2703 a

328 2737 459 2767 natura
482 2734 661 2774 recedunt,
686 2745 756 2777 quo
780 2735 866 2767 vitio
891 2735 1023 2776 periret
1048 2734 1219 2772 imitatio.
1243 2734 1305 2767 sed
1330 2730 1461 2766 morem
1485 2736 1678 2768 eommunis
1703 2735 1807 2768 huius
1832 2735 2005 2768 sermonis
2031 2734 2158 2767 decore
2183 2732 2336 2775 quodam
2359 2732 2500 2765 scenico
2526 2739 2628 2762 exor—

329 2793 449 2827 nautf·
474 2791 592 2828 Corss.
618 2792 669 2834 11,
693 2792 750 2826 75.

260 2851 296 2892 8)
329 2850 438 2886 Orell.
461 2850 568 2886 4360.

256 2909 293 2951 4)
323 2908 459 2944 Ritseh.
483 2909 592 2944 Proll.
616 2919 651 2952 p.
683 2910 761 2944 143.
797 2909 891 2943 Mus.
918 2908 1035 2945 Rhen.
1062 2909 1159 2948 xlv,
1184 2919 1219 2952 p.
1246 2909 1325 2944 39⁹.

256 2967 294 3008 δ)
324 2968 417 3002 Mus.
442 2967 555 3003 Rhen.
581 2967 667 3004 ibid.

258 3024 294 3067 6)
327 3024 430 3063 ΗΜ.
446 3027 546 3062 Rom.
570 3026 640 3070 (ed.
664 3026 716 3069 11)
740 3036 774 3070 p.
799 3026 878 3059 444
898 3026 978 3062 adn.

260 3083 297 3125 7)
328 3083 419 3118 Mus.
443 3085 557 3123 Rhen.
582 3085 681 3127 XIV,
705 3095 741 3129 p.
766 3085 836 3122 399
863 3085 945 3122 adn.
