3043 3532
1278 109 1575 159 ..7-

223 210 390 290 ‘magna
419 242 528 284 erat,
565 233 608 274 id
624 232 746 287 ·quod
773 232 1019 274 Ritschelius
1048 230 1195 286 (Proll.
1218 232 1270 273 ad
1291 233 1405 273 Trin.
1432 247 1467 273 e.
1490 232 1638 286 XVII)
1668 233 1880 285 exposuit,
1920 247 2040 286 quam
2070 230 2368 285 expositionem
2395 236 2657 274 accuratam·

229 311 490 361 limatamque
525 319 602 359 per
639 307 776 358 capita
827 305 1041 346 decurrere
1080 300 1222 347 liceat.'
1271 304 1327 345 Et
1365 304 1541 357 primum
1578 303 1742 358 quidem
1780 304 1910 346 multa
1947 305 1991 345 in
2019 305 2096 345 hoc
2124 318 2276 358 genere
2304 303 2630 359 praecipiuntur,

232 395 337 439 quae
372 393 455 422 non
489 384 573 419 tam
601 378 644 417 in
670 377 800 430 pedes
828 377 973 418 valent
1001 390 1121 430 quam
1150 377 1194 417 in
1224 375 1445 426 vocabula,
1486 390 1593 430 quae
1620 375 1784 417 illorum
1811 375 1961 430 pedum
1990 389 2220 416 mensuram
2262 383 2453 430 aequant.
2512 377 2628 430 Quid

233 454 371 497 enim?
429 450 553 503 Quod
581 450 626 489 in
653 450 837 489 iambicis
867 449 1041 489 senariis
1069 449 1247 488 maxima
1276 449 1464 488 cautione
1493 449 1693 488 contineri
1725 449 1939 502 anapaesti
1967 462 2085 488 usum
2117 448 2281 490 dicunt:
2310 448 2511 490 vocabula
2540 450 2635 502 qui-

235 525 327 566 dem
357 522 619 575 anapaestica
646 521 878 562 cautissime
905 520 1153 569 vitabantur,
1182 518 1311 573 pedes
1341 526 1476 560 autem
1505 520 1758 572 anapaestici
1780 533 1876 572 usus
1907 526 1953 559 ut
1975 520 2197 574 quidquam
2216 520 2366 560 habeat
2394 520 2631 560 offensionis

234 601 391 637 tantum
418 593 549 642 abest,
580 599 625 633 ut
654 592 723 633 vel
752 592 871 632 binos
901 597 1144 644 anapaestos
1175 605 1265 631 cum
1293 591 1385 633 aliis
1413 591 1515 632 locis
1544 598 1630 631 tum
1651 588 1701 631 in
1729 592 1858 645 primo
1889 598 1930 632 et
1948 592 2077 632 altero
2106 592 2214 644 pede
2232 593 2366 632 licitos
2394 592 2523 632 fuisse
2547 606 2628 632 uon

237 668 292 708 sit
326 664 635 720 pernegandum
654 665 701 715 ¹).
759 663 821 702 Ac
860 663 1016 715 pariter
1060 676 1105 702 se
1144 662 1297 703 habere
1327 663 1536 716 dactylum
1564 664 1607 703 in
1635 664 1848 704 trochaicis
1877 664 2063 704 versibus
2093 677 2262 704 necesse
2292 671 2374 712 est,
2415 677 2505 703 cum
2533 663 2632 704 aua·

235 744 400 793 paestus
429 736 483 776 ad
513 736 705 777 iambicos
734 748 877 776 versus
907 734 1080 775 eandem
1108 734 1260 775 habeat
1287 735 1486 775 rationem
1515 749 1637 789 quam
1666 734 1856 787 dactylus
1886 735 1937 775 ad
1956 736 2184 776 trochaicus
2203 736 2247 788 ²).
2306 735 2364 775 Ut
2392 742 2636 788 anapaesto·

239 823 326 849 rum
354 807 577 861 geminatio
606 807 829 859 praecipue
857 806 988 857 primo
1020 805 1281 859 secundoque
1310 804 1576 845 iambicorum
1604 807 1851 846 senariorum
1879 807 1984 857 pede
2003 813 2175 855 tenetur,
2206 809 2264 846 ita
2293 807 2481 859 dactylos
2504 808 2630 859 gemi-

240 895 315 921 nos
345 862 470 920 multo
500 879 754 932 frequentius
792 892 914 931 quam
954 878 1104 918 caeteri
1134 878 1294 930 primus
1335 877 1520 931 alterque
1549 889 1623 931 pes
1653 877 1953 932 trochaicorum
1982 891 2173 918 versuum
2203 879 2380 921 admisit.
2440 879 2505 919 Ne
2536 892 2636 920 vero

244 951 433 1005 dactylus
463 951 504 990 in
534 950 755 1003 septenarii
786 950 958 1002 septimo
990 948 1096 1000 pede
1127 955 1281 998 exstet,
1322 949 1438 989 huius
1467 949 1609 990 versus
1639 949 1865 989 catalectici
1896 949 2072 989 conditio
2102 964 2265 1002 prorsus
2294 934 2508 1002 prohibet3
2552 964 2628 990 nec

240 1035 533 1075 saepenumero
573 1022 616 1060 in
654 1027 797 1074 quarto
835 1021 942 1073 pede
972 1012 1262 1074 ἰιινθηίιιιι·ῑ’);ἱ
1287 1022 1329 1059 ἰιι
1367 1035 1447 1073 quo
1488 1022 1595 1073 pede
1626 1021 1785 1073 dactyli
1813 1035 1911 1060 usus
1941 1022 2003 1060 his
2032 1022 2194 1074 quidem
2224 1022 2525 1062 conditionibus
2552 1023 2623 1062 ad·

238 1095 461 1147 stringitur,
491 1100 555 1141 ut,
588 1107 678 1132 cum
705 1098 868 1144 praeter
896 1092 1167 1144 principalem
1197 1105 1424 1142 caesuram,
1467 1106 1572 1145 quae
1603 1099 1665 1132 est
1692 1099 1787 1145 post
1815 1100 2002 1146 quartum
2030 1093 2287 1143 trochaeum,
2330 1093 2437 1134 duae
2466 1100 2630 1134 exstent

239 1166 527 1216 secundariae,
569 1179 739 1220 quarum
781 1164 909 1205 altera
951 1170 1045 1217 post
1089 1170 1276 1218 quartam
1319 1165 1440 1203 arsim
1482 1165 1617 1203 locum
1659 1165 1837 1213 obtinet,
1883 1164 2012 1204 altera
2053 1171 2148 1217 post
2188 1166 2390 1218 quintam,
2442 1165 2642 1218 dactylus

244 1244 422 1288 „tantum
461 1252 542 1277 non
581 1250 741 1288 semper
781 1250 871 1275 cum
909 1238 1046 1287 priore
1088 1250 1239 1287 genere
1277 1237 1453 1276 vicariae
1483 1250 1673 1276 caesurae
1701 1238 1939 1276 coniunctus
1969 1251 2061 1277 esse
2090 1237 2261 1286 dicatur,
2302 1252 2512 1291 nunquam
2543 1253 2633 1279 cum

242 1310 465 1361 posteriore
505 1321 680 1360 genere,
726 1308 812 1346 fere
852 1321 1059 1360 nunquam
1100 1322 1190 1347 cum
1228 1308 1412 1357 legitima
1450 1308 1713 1360 caesura“⁴).
1781 1307 1904 1360 Quod
1942 1315 2081 1347 eontra
2122 1315 2389 1361 anapaestum
2432 1312 2475 1349 in
2516 1323 2631 1349 sena-

245 1382 394 1420 riorum
424 1380 531 1431 pede
561 1380 682 1418 tertio
713 1380 881 1432 quaevis
913 1393 1081 1418 caesura
1109 1392 1233 1430 passa
1263 1380 1386 1427 θεῖ’).
1443 1379 1664 1419 Praeterea
1690 1379 1732 1417 in
1761 1379 1843 1418 fine
1884 1386 1925 1418 et
1954 1380 2201 1419 senariorum
2240 1386 2280 1420 et
2309 1382 2632 1433 septenariorum

244 1452 470 1503 tribrachys
500 1458 672 1503 apparet
699 1451 949 1503 paenultima
979 1451 1059 1489 arsi
1090 1450 1246 1498 soluta,
1288 1464 1369 1502 qua
1397 1450 1599 1490 solutione
1629 1464 1793 1500 versus,
1831 1457 1953 1503 prout
1982 1451 2123 1491 ultima
2151 1451 2315 1503 syllaba
2344 1452 2436 1501 fert,
2468 1453 2510 1492 in
2539 1467 2631 1506 pro-

246 1523 573 1563 celeusmaticum
615 1522 682 1562 vel
718 1523 759 1560 in
797 1534 998 1580 paeonem
1039 1526 1225 1574 quartum
1266 1520 1472 1570 desinit⁶).
1541 1521 1664 1573 Quod
1700 1535 1798 1561 vero
1837 1524 2015 1574 pertinet
2053 1524 2104 1562 ad
2135 1523 2335 1563 vocabula
2377 1524 2470 1564 illos
2513 1525 2640 1577 pedes

246 1596 461 1647 aequantia
488 1594 760 1647 pulcherrima
789 1592 1174 1646 elegantissimaque
1201 1592 1294 1632 talis
1324 1598 1387 1632 est
1413 1593 1531 1642 ratio,
1561 1600 1606 1632 ut
1634 1594 2019 1646 proceleusmaticus
2053 1595 2120 1635 vel
2150 1608 2284 1647 paeon
2314 1602 2481 1649 quartus
2513 1609 2637 1635 unum

249 1667 372 1720 idque
401 1666 753 1720 quadrisyllabum
783 1665 1023 1705 vocabulum
1054 1664 1348 1717 complectatur
1361 1665 1419 1717 ⁷);
1463 1679 1540 1704 nec
1571 1670 1706 1705 tamen
1737 1666 1817 1705 duo
1849 1666 2054 1718 bisyllaba
2083 1680 2147 1705 ars
2175 1668 2445 1719 improbavit,
2475 1680 2641 1718 perraro

248 1739 504 1790 trisyllabum
543 1738 749 1777 invenitur
790 1738 1032 1788 insequente
1071 1735 1376 1788 monosyllabo,
1423 1750 1624 1789 nunquam
1662 1738 1754 1776 vice
1790 1749 1910 1777 versa
1951 1739 2277 1788 monosyllabum
2315 1739 2532 1790 trisyllabo
2573 1752 2637 1777 se·

250 1809 456 1863 quente⁸).
518 1809 928 1849 Proceleusmaticum
967 1820 1064 1847 vero
1104 1807 1253 1859 integri
1293 1807 1455 1846 iambici
1492 1807 1611 1860 pedis
1648 1808 1846 1848 vicarium
1876 1815 2022 1860 poetae
2052 1815 2211 1848 veteres
2241 1811 2429 1848 omnibus
2458 1810 2634 1848 trimetri

247 1882 347 1922 locis
375 1881 515 1921 ultimo
544 1880 652 1934 pede
683 1882 856 1932 except'o
886 1879 1146 1927 admiserunt,
1182 1879 1281 1929 „hac
1310 1883 1447 1918 tamen
1470 1893 1601 1932 prope
1626 1881 1827 1919 constanti
1847 1881 2085 1921 condicione
2113 1888 2158 1920 ut
2180 1882 2395 1922 verborum
2428 1881 2638 1921 ordinibus

247 1966 272 1993 a
299 1954 405 1993 binis
434 1952 638 2006 prioribus
669 1951 841 2003 syllabis
871 1952 1116 2002 posteriores
1146 1951 1265 1988 binae
1292 1951 1644 2002 dispescerentur‘·'
1661 1950 1710 2003 ⁹).

382 2019 459 2064 His
499 2024 663 2077 quidem
703 2024 884 2070 collatis,
926 2035 1170 2074 quamquam
1208 2035 1500 2073 saepenumero
1544 2023 1618 2062 hac
1659 2022 1874 2074 multiplici
1914 2023 2063 2075 pedum
2094 2025 2407 2065 commutatione
2449 2038 2640 2066 versuum

250 2097 497 2136 celeritatem
535 2096 772 2149 expeditam
812 2110 859 2134 ac
897 2095 1161 2146 profluentem
1201 2100 1330 2133 ortam
1368 2107 1458 2134 esse
1496 2109 1577 2134 non
1614 2101 1675 2134 est
1715 2093 1826 2147 quod
1854 2109 2071 2148 negemus,
2116 2102 2253 2137 tamen
2283 2110 2335 2137 ne
2364 2097 2440 2137 hoc
2471 2096 2644 2150 quidem

249 2175 420 2206 metrum
449 2169 677 2207 scaenicum
707 2167 910 2206 vocalium
941 2167 1198 2206 enervationi
1228 2167 1422 2206 resistere
1452 2168 1633 2218 potuisse
1662 2167 1783 2207 facile
1814 2168 2110 2220 cognoscimus.

383 2241 537 2292 Magna
575 2246 709 2279 autem
750 2239 856 2278 facta
895 2245 957 2277 est
995 2237 1252 2277 commutatio
1291 2251 1411 2278 versu
1448 2238 1760 2278 hexametro
1804 2253 1828 2278 a
1866 2239 2060 2279 Romanis
2104 2245 2292 2292 recepto,
2337 2240 2450 2280 cuius
2498 2252 2643 2281 versus

254 2318 400 2351 natura
439 2312 533 2351 talis
571 2317 653 2359 est,
692 2317 736 2350 ut
773 2311 895 2357 arsis,
936 2309 1088 2362 quippe
1123 2322 1229 2362 quae
1267 2322 1473 2362 nunquam
1511 2311 1551 2349 in
1591 2310 1690 2351 duas
1719 2318 1857 2363 partes
1886 2311 2055 2352 dissolvi
2082 2311 2211 2364 possit
2225 2311 2290 2364 ¹⁰),
2329 2324 2490 2364 semper
2519 2325 2645 2352 unam

252 2383 456 2434 syllabam
492 2382 752 2435 productam,
791 2379 918 2422 thesis
954 2379 1019 2421 vel
1059 2378 1157 2421 duas
1197 2380 1381 2433 syllabas
1426 2388 1630 2435 correptas
1670 2382 1739 2422 vel
1779 2393 1902 2421 unam
1942 2382 2179 2435 productam
2220 2384 2442 2423 contineat.
2503 2384 2652 2437 Quare·

252 2454 566 2509 uniuscuiusque
597 2452 785 2507 syllabae
813 2451 944 2506 qualis
975 2456 1083 2492 esset
1111 2464 1299 2492 mensura
1326 2453 1582 2493 statuendum
1613 2459 1710 2493 erat.
1770 2454 1907 2507 Atque
1943 2454 2043 2493 haec
2081 2453 2246 2507 quidem
2284 2467 2349 2494 res
2379 2456 2518 2508 prima
2547 2462 2648 2504 erat,

255 2527 297 2567 in
326 2540 408 2580 qua
436 2527 593 2567 Ennius
607 2557 616 2575 ,
655 2524 794 2565 Latini
821 2537 962 2565 versus
994 2523 1219 2563 hexametri
1249 2530 1400 2572 auctor,
1442 2530 1626 2565 versatus
1657 2531 1719 2564 est
1749 2531 1789 2562 et
1818 2526 1876 2564 ita
1905 2526 2071 2578 quidem
2100 2532 2288 2566 versatus
2317 2533 2393 2576 est,
2435 2533 2482 2566 ut
2509 2528 2648 2567 incon-

258 2598 448 2640 stantiam
476 2598 757 2651 prosodiacam
787 2596 1180 2649 fluctuationemque,
1214 2609 1317 2649 quae
1343 2609 1473 2649 usque
1502 2596 1556 2635 ad
1585 2595 1627 2634 id
1650 2597 1843 2648 temporis
1866 2598 2049 2637 valuerat
2067 2604 2109 2637 et
2131 2598 2271 2638 valere
2299 2598 2511 2651 pergebat,
2539 2598 2649 2638 radi·

257 2671 359 2711 citus
388 2671 585 2713 evelleret
605 2682 825 2722 omnesque
843 2667 1026 2721 syllabas
1047 2667 1099 2706 ad
1122 2668 1385 2708 certissimam
1405 2681 1586 2721 eamque,
1616 2675 1812 2720 quantum
1830 2670 1942 2709 vitae
1963 2669 2215 2710 consuetudo
2233 2670 2478 2723 patiebatur,
2507 2671 2644 2724 pristi-

256 2756 350 2782 nam
380 2757 561 2782 normam
589 2742 842 2794 perduceret,
873 2754 954 2793 qua
984 2746 1054 2779 aut
1082 2745 1127 2779 ut
1156 2739 1378 2790 productae
1406 2745 1475 2780 aut
1496 2745 1542 2780 ut
1560 2746 1770 2791 correptae
1794 2742 2120 2793 apparerent¹¹).
2166 2741 2298 2795 Quam
2318 2755 2506 2795 magnam
2526 2756 2651 2796 quae·

278 2880 315 2923 1)
339 2880 362 2916 l.
389 2891 422 2917 a.
446 2892 481 2925 p.
507 2882 587 2917 271.
616 2898 654 2907 -
685 2881 721 2924 2)
746 2880 770 2916 1.
797 2890 829 2915 a.
856 2891 891 2925 p.
918 2880 999 2923 272,
1026 2894 1068 2902 ·—
1097 2878 1133 2920 3)
1158 2878 1182 2916 1.
1207 2891 1241 2917 a.
1267 2891 1303 2924 p.
1329 2880 1409 2915 273.
1437 2898 1480 2906 —
1505 2880 1591 2925 4)1.
1616 2889 1649 2915 a.
1674 2889 1709 2924 p.
1737 2880 1819 2915 276.
1847 2899 1887 2907 -—
1916 2881 2004 2927 5)1.
2031 2891 2063 2918 a.
2088 2882 2223 2927 228⁶.
2248 2899 2291 2905 —
2317 2879 2355 2924 ὃ)
2379 2880 2405 2919 l.
2431 2891 2466 2918 a,
2490 2882 2625 2925 228⁷.

279 2937 315 2971 v.
343 2937 368 2974 1.
394 2948 428 2975 a
451 2950 487 2984 p.
515 2941 596 2978 287.
620 2930 667 2966 '-
693 2941 729 2985 8)
754 2941 778 2976 1.
803 2953 834 2978 a.
860 2953 896 2986 p.
921 2945 1002 2981 288.
1027 2962 1073 2970 —
1099 2939 1135 2984 ⁹)
1159 2940 1184 2976 1·
1209 2948 1242 2976 ⁸-
1267 2950 1302 2983 ι).
1329 2940 1410 2974 ²8⁹·

263 2995 322 3038 10)
345 2996 422 3030 Nee
444 3008 528 3033 vero
553 3000 621 3034 hoe
646 3001 691 3034 ab
716 3002 821 3035 initio
845 3004 923 3036 sine
948 3002 1025 3036 ulla
1049 3001 1255 3045 exceptione
1279 2999 1505 3033 observatum
1529 3008 1608 3031 esse
1632 2998 1727 3031 infra
1751 2998 1965 3034 videbimus.

265 3051 325 3096 ¹1)
348 3053 485 3091 Ennius
510 3060 629 3093 autem
655 3069 734 3092 eum
757 3059 794 3093 id
818 3064 942 3104 ageret
966 3064 1005 3094 ut
1028 3059 1204 3095 vocalium
1227 3057 1475 3101 productarum
1498 3066 1701 3090 mensurum
1726 3056 1918 3100 genuinam
1942 3066 2006 3099 pro
2032 3055 2126 3088 virili
2151 3060 2254 3097 parte
2278 3058 2449 3096 uenum,
2475 3054 2568 3088 idem
2593 3065 2651 3087 ex-
