3043 3532
1284 127 1617 179 ...19-

667 264 708 296 v.
736 252 840 294 247:
869 252 1055 306 Quocum
1082 251 1210 297 multa
1236 251 1362 305 volup
1391 265 1440 293 ac
1468 250 1666 305 gaudii
1693 250 1934 304 clamque
1961 248 2193 303 palamque.

667 338 707 368 ν.
737 326 842 365 2923
871 325 951 366 Ast
977 336 1145 365 occasus
1172 323 1244 364 ubi
1270 329 1485 377 tempusve
1513 322 1664 364 audere
1691 322 1959 376 repressit

663 409 703 438 v.
731 397 835 438 418:
866 396 1028 438 Occidit
1056 407 1333 449 oceanumque
1360 396 1521 437 rfibra
1549 396 1707 435 tractim

662 481 703 510 v.
729 470 833 509 460:
864 469 1016 511 Omnes
1046 469 1401 522 cordepitrem
1427 467 1641 521 perhibent

666 553 709 581 v.
737 542 839 584 487:
870 541 1017 595 Deque
1045 540 1222 582 totondit
1249 541 1405 591 agros
1433 540 1563 579 laetos

672 627 711 654 v.
740 614 844 653 532:
874 642 1045 655 .......
1075 614 1146 668 qui
1174 613 1397 653 fulmini
1428 613 1575 651 claro

664 701 703 729 v.
734 688 836 728 589:
866 715 1038 729 .......
1066 687 1279 742 teloque
1309 686 1526 726 trabali.

407 762 551 802 Brevin
582 767 715 801 antem
744 760 898 800 vocalis
928 766 1025 799 ante
1051 766 1201 799 mutam
1229 771 1320 797 cum
1347 757 1502 810 liquida
1528 757 1749 809 productae
1778 758 1967 809 exempla
1996 759 2095 796 haec
2123 765 2239 798 sunt:
2298 763 2301 765 ’

532 835 639 876 Anu.
666 848 705 875 v.
735 835 839 874 278:
869 833 1000 872 Poeni
1029 845 1123 872 suos
1151 832 1263 872 soliti
1291 830 1354 872 dis
1385 830 1714 873 sacrificare
1741 831 1912 883 puellos.

664 919 704 947 v.
733 906 838 947 325:
868 891 910 945 X
919 906 1003 958 gri

667 990 706 1019 v.
736 978 839 1021 465:
869 977 911 1016 It
938 982 1143 1029 nigrum
1173 976 1325 1029 campis
1355 989 1503 1030 agmen

669 1063 708 1093 v.
739 1050 844 1093 504:
873 1049 1023 1089 Vincla
1051 1050 1134 1090 suis
1162 1049 1323 1101 magnis
1354 1049 1497 1088 animis
1529 1047 1746 1102 abrupit
1774 1054 1815 1087 et
1841 1049 1947 1090 inde.

405 1123 470 1163 En
498 1122 623 1163 habes
652 1135 756 1175 quae
785 1121 837 1161 de
866 1123 1069 1173 positione
1098 1122 1273 1162 dicenda
1301 1122 1402 1161 mihi
1430 1121 1688 1162 videbantur.
1745 1121 1834 1159 Iam
1861 1129 2110 1162 transeamus
2140 1121 2194 1160 ad
2236 1120 2549 1174 synisesim‚
2590 1120 2656 1160 cui

270 1196 648 1247 Ennius'magnam
687 1207 823 1232 curam
852 1193 1056 1242 adhibuit,
1100 1208 1222 1247 quam
1258 1207 1344 1233 rem
1372 1194 1408 1232 si
1438 1192 1521 1232 alte
1550 1193 1756 1246 longeque
1785 1200 2034 1245 repetemus,
2075 1193 2191 1232 nobis
2220 1193 2410 1243 ignoscas
2439 1191 2583 1240 velim,
2615 1198 2657 1231 et

275 1275 388 1309 certe
425 1266 542 1307 nobis
581 1267 790 1318 ignosces,
833 1266 869 1305 si
908 1271 1156 1319 quantopere
1194 1266 1268 1305 bac
1305 1265 1348 1304 in
1385 1278 1430 1305 re
1471 1279 1497 1305 a
1532 1264 1682 1305 Plauto
1714 1265 1991 1318 Terentioque
2027 1270 2237 1317 peccatum
2264 1264 2319 1304 sit
2356 1269 2398 1304 te
2427 1276 2657 1304 commone-

274 1341 423 1383 fecero.
488 1338 551 1379 Ac
590 1339 761 1392 primum
800 1337 962 1392 quidem
1001 1338 1222 1390 synizesim
1249 1349 1373 1389 passa
1401 1349 1493 1377 esse
1522 1342 1703 1381 constat:
1741 1321 1874 1379 dein·
1893 1337 2010 1390 (Ter.
2035 1336 2164 1379 Andr.
2187 1335 2267 1387 ΠΙ,
2292 1338 2330 1386 3,
2352 1336 2438 1392 30),
2468 1336 2661 1379 deinde

273 1414 320 1467 (1.
333 1428 369 1455 a.
384 1411 462 1462 m,
478 1413 516 1461 2,
534 1412 591 1462 3),
621 1410 815 1452 dehinc
844 1411 963 1463 (Ter.
986 1411 1092 1454 Eun.
1123 1409 1182 1460 ΙΙ,
1195 1410 1234 1459 3,
1251 1410 1290 1449 3.
1318 1408 1446 1450 Andr.
1467 1409 1578 1451 Prol.
1600 1412 1668 1454 22.
1683 1411 1716 1461 Ι,
1732 1413 1770 1461 2,
1787 1414 1870 1464 19),
1900 1411 2050 1462 proin
2075 1409 2391 1462 (PlautBacch.
2417 1411 2511 1455 739.
2542 1409 2660 1465 capt.

280 1488 346 1529 63.
374 1484 463 1527 Mil.
493 1474 585 1523 780.
614 1483 741 1523 Stich.
768 1485 862 1523 670.
893 1484 989 1523 Ter.
1006 1482 1133 1525 Andr.
1158 1482 1213 1532 ΙΙ,
1230 1483 1268 1532 4,
1283 1482 1321 1525 5.
1351 1480 1462 1522 Ειιιι.
1475 1483 1509 1531 Ι,
1527 1486 1565 1532 1,
1583 1486 1647 1524 11.
1663 1486 1702 1533 2,
1717 1485 1803 1537 26),
1832 1484 2057 1538 proinde
2085 1483 2240 1533 (Plaut.
2254 1482 2370 1524 Trin.
2388 1484 2483 1525 658.
2511 1483 2659 1536 Amph.

278 1555 1090 1605 982.'1*0r.Ph01-m.11,3,35.He0.11,
1110 1560 1146 1608 1,
1162 1557 1248 1606 21),
1279 1537 1521 1595 deorsum
1550 1558 1670 1610 (T.er
1685 1557 1765 1597 Ad.
1780 1558 1853 1606 IV,
1869 1559 1907 1605 2,
1924 1559 1989 1597 34.
2002 1557 2088 1606 36),
2117 1569 2366 1596 seorsum.
2423 1554 2661 1597 Accedunt.

274 1638 484 1684 praeut,
514 1630 918 1682 praeoptavisti
942 1628 1095 1679 (Plaut.
1115 1628 1229 1669 Trin.
1247 1629 1360 1678 648),
1391 1636 1747 1698 praeoptares
1770 1630 1888 1682 (Ter.
1903 1630 2005 1670 Hec.
2019 1628 2092 1675 IV,
2111 1632 2145 1677 1,
2164 1631 2247 1679 17),
2278 1642 2478 1669 coimus
2507 1628 2662 1680 (Plaut.

274 1702 395 1744 Most.
411 1704 526 1753 327),
555 1701 816 1740 introibis
845 1701 1012 1751 (Bacch.
1040 1700 1113 1748 IV,
1130 1702 1168 1748 8,
1186 1698 1270 1751 66),
1302 1702 1489 1743 anteit.
1532 1701 1753 1741 Praeterea
1780 1707 1986 1741 contracte
2013 1700 2121 1741 dicta
2149 1707 2262 1742 sunt:
2293 1701 2477 1752 coegit
2503 1699 2662 1752 (Plaut.

279 1774 429 1826 Amph.
448 1774 560 1824 163),
591 1774 747 1824 coegi
775 1774 944 1825 (Bacch.
968 1774 1081 1823 981),
1111 1778 1300 1824 postea
1330 1773 1447 1826 (Ter.
1471 1774 1577 1815 Eun.
1598 1773 1676 1822 111,
1701 1775 1739 1822 2,
1767 1775 1854 1824 40),
1884 1775 2107 1814 antehac
2136 1774 2284 1825 (Andr.
2299 1773 2354 1821 II,
2385 1776 2421 1821 1,
2435 1773 2474 1812 3.
2504 1772 2658 1813 Heaut.

280 1845 337 1895 II,
354 1846 391 1895 3,
411 1846 501 1895 29),
534 1848 794 1898 quoniam.
824 1845 978 1886 Ritsch.
995 1844 1122 1885 Proll.
1137 1858 1177 1897 p.
1197 1845 1289 1887 160.
1322 1845 1498 1888 Oorss.1.
1516 1861 1550 1887 a.
1568 1845 1624 1895 11,
1641 1847 1733 1886 171.
1749 1847 1841 1887 173.
1863 1847 1953 1885 175.
1970 1847 2061 1888 176.
2081 1848 2172 1888 179.
2188 1847 2279 1886 180.

282 1917 370 1958 >100
399 1917 451 1958 do
480 1900 569 1959 <11²3
572 1933 592 1958 s
623 1919 739 1972 (Ter.
769 1917 897 1960 Andr.
922 1916 955 1966 1,
983 1918 1020 1966 2,
1039 1918 1127 1966 18),
1159 1900 1247 1957 ᾱΐιῖ
1277 1917 1434 1967 (Plaut.
1457 1918 1571 1958 Pers.
1592 1920 1687 1960 265.
1718 1918 1842 1958 Tmo.
1856 1918 1913 1967 11,
1936 1920 1973 1967 3,
1992 1908 2034 1958 31
2058 1918 2178 1971 Epid.
2193 1917 2272 1966 111,
2290 1919 2328 1966 2,
2344 1919 2412 1960 40.
2442 1917 2665 1960 Temnum.

277 1987 334 2040 Π,
350 1991 388 2040 3,
407 1991 469 2042 3),
500 1974 667 2032 trium
698 1990 833 2046 (Trin.
850 1990 949 2042 848)
978 1989 1274 2042 monosyllabis
1304 1996 1367 2031 est
1395 1990 1504 2045 quod
1533 1990 1775 2031 dubitemus.
1805 1989 1960 2032 Ritsch.
1984 1990 2011 2031 l.
2035 2003 2070 2032 a.
2103 1989 2237 2030 Corss.
2254 1989 2280 2031 1.
2292 2003 2328 2032 a.
2345 1989 2401 2039 H,
2421 1991 2512 2029 178.
2572 1989 2669 2043 Qua

283 2061 327 2101 in
355 2075 400 2104 re
427 2068 558 2104 metra
588 2077 710 2120 quam
741 2062 1052 2117 diligentissime
1081 2062 1336 2103 observanda
1363 2062 1713 2117 discernendaque
1745 2075 1833 2103 esse
1874 2076 1928 2102 ex
1957 2062 2019 2101 his
2049 2063 2184 2102 verbis
2212 2063 2425 2102 Ritschelii
2439 2065 2478 2113 ἱ)
2516 2063 2667 2116 liquet:

286 2133 529 2183 ,Metrorum
568 2141 706 2175 autem
747 2135 972 2176 diversitati
1010 2139 1202 2187 quantum
1239 2135 1497 2174 tribuendum
1526 2136 1600 2183 sit,
1641 2135 1958 2173 luculentissime
1988 2147 2123 2173 eorum
2152 2135 2443 2173 vocabulorum
2472 2137 2664 2187 exemplo

284 2212 468 2259 apparet,
499 2220 668 2262 quorum
697 2207 927 2246 terminatio
956 2208 973 2247 i
1001 2207 1183 2247 vocalem
1211 2207 1336 2246 habet
1363 2208 1433 2247 alii
1464 2208 1598 2248 vocali
1626 2209 1899 2259 praemissam.
1966 2208 2072 2245 Satis
2102 2213 2258 2246 constat
2287 2207 2340 2245 de
2368 2208 2666 2259 monosyllabis

282 2277 419 2328 dies,
449 2278 537 2319 diu
567 2279 701 2334 (Trin.
719 2281 784 2321 65.
801 2281 853 2318 57
859 2281 896 2321 8.
912 2281 1006 2319 685.
1022 2279 1141 2332 843):
1183 2293 1386 2333 nunquam
1417 2286 1571 2329 autem,
1601 2280 1642 2318 id
1673 2280 1781 2333 quod
1810 2285 2092 2320 asseveranter
2122 2279 2327 2318 affirmare
2354 2280 2464 2328 licet,
2503 2281 2667 2331 synize·

288 2350 364 2389 sim
392 2352 434 2390 in
462 2353 631 2391 senariis
663 2352 823 2405 quidem
865 2353 1188 2405 septenariisque
1217 2352 1338 2392 ullius
1368 2352 1473 2392 alius
1502 2352 1673 2392 nominis
1712 2352 1818 2391 ullus
1848 2364 1964 2391 casus
1995 2355 2181 2403 (praeter
2209 2353 2438 2404 genitivum
2467 2352 2671 2393 secundae

283 2420 590 2473 declinationis)
620 2424 795 2474 admisit,
835 2438 911 2464 nec
948 2424 1283 2464 mendacium
1321 2438 1397 2465 nec
1431 2424 1709 2465 mendacia
1745 2438 1819 2465 nec
1856 2423 2276 2473 mendaciorum,
2313 2425 2402 2465 sive
2438 2425 2539 2465 haec
2578 2425 2669 2465 sub·

284 2495 463 2537 stantiva
506 2503 599 2537 sunt
637 2498 724 2539 sive
764 2497 987 2546 adiectiva,
1029 2510 1106 2537 nec
1146 2497 1426 2538 mendacio
1474 2511 1551 2538 nec
1593 2497 1894 2537 mendaciis
1935 2510 2012 2537 nec
2053 2496 2365 2537 mendacior
2405 2498 2671 2538 certiores

279 2568 608 2619 mortalium,
650 2584 726 2609 nec
754 2570 823 2610 vel
852 2570 1126 2622 sapientia
1153 2571 1338 2623 gloria
1366 2570 1433 2612 vel
1462 2572 1604 2610 acies
1634 2570 1700 2609 vel
1730 2570 1904 2609 factio
1936 2571 2109 2610 oratio
2140 2584 2230 2609 cum
2260 2571 2343 2610 suis
2373 2571 2555 2619 casibus,
2594 2584 2672 2611 nec

279 2641 499 2681 nescius
545 2643 747 2682 tertius
794 2642 1054 2682 obnoxius
1096 2656 1173 2682 nec
1216 2643 1550 2682 obnoxiosus
1587 2642 1657 2682 vel
1697 2641 2073 2693 impendiosus.
2148 2642 2302 2682 Contra
2338 2643 2388 2682 ab
2427 2643 2506 2681 illis
2533 2645 2673 2683 metris

285 2710 531 2767 simulatque
560 2714 752 2755 transitus
781 2714 916 2754 factus
946 2721 1008 2755 cst
1036 2715 1089 2754 ad
1119 2717 1347 2755 octonarios
1377 2716 1758 2767 anapaesticus-que,
1787 2715 1979 2764 continuo
2011 2715 2183 2754 offensio
2214 2716 2345 2754 omnis
2375 2715 2466 2753 talis
2509 2717 2675 2769 synize·

284 2782 340 2821 sis
370 2783 602 2829 dilabitur-st
650 2787 786 2841 Atque
816 2787 926 2826 scio
957 2788 1072 2828 verbi
1105 2789 1284 2838 „formae
1310 2788 1536 2840 bisyllabae
1567 2799 1704 2826 omnes
1679 2787 2059 2858 mmonosyllabam
2087 2789 2477 2840 pronuntiationem,
2506 2789 2673 2843 bisylla-

283 2852 377 2892 bam
417 2857 661 2910 trisyllabae
699 2872 847 2912 passae
889 2866 982 2898 sunt
1022 2862 1300 2913 saepissime!
1334 2859 1581 2900 -Conferasz
1612 2862 1774 2897 sciam
1804 2860 1969 2911 (Pomp
1986 2859 2097 2898 com
2115 2860 2163 2897 R.
2175 2874 2215 2913 p.
2230 2860 2340 2912 208),
2379 2864 2523 2901 scias
2552 2864 2673 2913 (Ter.

284 2925 409 2967 Andr·
434 2927 468 2976 I,
499 2932 534 2978 1,
562 2932 647 2985 68),
687 2936 847 2981 sciat,
879 2935 1045 2982 scies,
1077 2935 1236 2979 sciet,
1268 2935 1444 2973 sciens
1472 2933 1591 2982 (Ter.
1619 2931 1723 2971 Hec.
1744 2931 1819 2980 IV,
1843 2932 1881 2979 2,
1906 2933 1969 2981 4),
2002 2934 2114 2972 scio
2143 2931 2281 3002 (caeo.
2308 2930 2493 2976 ComR.
2517 2949 2557 2987 p.
2583 2937 2673 2985 59),

289 3000 471 3040 sciunt
502 3003 718 3058 (Pompon.
746 3004 859 3047 Com.
886 3006 934 3048 R.
962 3020 1001 3059 p.
1026 3008 1136 3055 207).
1171 3005 1305 3049 Corss.
1331 3005 1498 3056 11,178.
1557 3003 1690 3056 Quam
1719 3004 1943 3057 synizesim
1973 3005 2025 3045 ad
2054 3005 2238 3045 nescio
2264 3004 2432 3046 verbum
2433 3007 2678 3058 perrexisse

323 3119 357 3166 ¹)
391 3121 414 3160 l.
441 3134 474 3161 a.
497 3136 534 3171 p,
563 3128 631 3164 1⁶0
654 3140 706 3174 sq.
