3043 3532
1315 100 1653 154 -20-

285 221 390 261 nihil
417 190 543 263 habet
521 222 863 298 Aadmirationis.
909 225 1013 281 (css.
1040 226 1176 268 Plaut.
1203 227 1352 282 Amph.
1377 229 1497 270 1063.
1481 228 1615 300 ΑΜὶί.
1642 231 1735 271 174.
1726 229 1878 301 ΑἩρη.
1902 230 1999 269 227.
2038 230 2157 274 caro.
2182 232 2301 283 648).
2342 231 2559 285 Cornan,
2586 235 2679 275 168.

284 294 473 349 Itemque
510 298 611 348 ais,
650 299 723 340 ait
761 298 1043 350 monosyllaba
1078 306 1190 350 sunt,
1229 301 1435 353 bisylleba
1477 302 1667 352 aibam,
1711 303 1885 352 aibat,
1931 286 2120 344 aibant
2160 304 2284 354 (Ter.
2311 303 2439 347 Andr.
2462 305 2513 356 V,
2540 307 2580 356 4,
2610 308 2676 348 29.

285 366 451 412 Phorm.
475 368 556 420 ΙΙΙ,
584 373 621 420 1,
648 372 714 413 16.
743 370 870 411 Andr.
894 371 973 421 ΙΙΙ,
998 372 1035 421 3,
1052 374 1090 414 2.
1119 373 1282 415 Phorm.
1306 373 1381 424 IV,
1398 377 1418 413 1
1424 377 1508 425 ,.6)
1564 374 1719 416 Ritsch.
1734 374 1762 416 l.
1776 389 1869 428 a.p.
1889 377 1981 419 162.
2011 375 2218 425 Corss.H,
2238 378 2331 419 176.
2388 377 2514 417 Nullo
2542 385 2677 419 autem

285 438 377 480 loco
409 442 516 491 aio,
547 444 701 483 aiunt
729 445 947 484 formarum
975 446 1258 498 monosyllaba
1285 449 1563 499 pronuntiatio
1594 453 1742 488 exstat.
1783 447 1938 490 Bit-ch.
1965 449 1992 490 l.
2006 463 2043 490 a.
2100 449 2323 488 Praeterea
2350 450 2429 489 huc
2457 450 2675 492 referenda

877 502 943 518 Α
1731 502 1785 520 Α
1921 503 1974 520 Λ
2268 504 2479 523 ΛΑ
2612 508 2679 525 Α

287 520 404 555 sunt:
436 498 685 565 duellum,
716 526 991 572 quattuor,
1022 519 1211 571 puella
1238 519 1452 573 bisyllaba„
1483 533 1627 575 porro.
1655 523 1818 574 prior,
1848 523 2016 573 prius,
2045 534 2185 575 puer,
2215 522 2358 573 tuus,
2388 529 2549 575 tuum,
2581 527 2677 576 tui,

287 569 427 636 tii-ds,
471 572 579 638 tui-3,
621 598 726 638 tua,
767 576 927 642 tsi-am,
967 600 1111 643 tuae,
1151 578 1279 643 (13⁸,
1320 607 1489 644 suam,
1528 607 1659 644 suas,
1696 578 1844 644 suffe,
1880 609 1992 643 suo,
2022 608 2161 644 suos,
2193 597 2326 645 suis,
2357 580 2520 647 sunm
2551 580 2677 645 affe,

288 643 439 712 duos,
478 662 650 716 duom,
692 664 822 707 duas
851 667 1145 720 monosyllaba.
1175 666 1309 708 Corss.
1336 667 1623 718 11,173.1·.16
1647 669 1740 711 177.
1795 667 1884 709 Nec
1913 668 2045 708 minus
2073 680 2104 710 ιι
2131 667 2285 710 vocalis
2315 683 2405 711 cum
2434 669 2677 724 insequente

289 734 370 773 coit
402 735 468 784 „in
508 736 530 776 f
538 751 593 777 ιιι
622 752 712 779 cum
740 740 908 794 reliquis
936 740 1091 782 formis·
1106 754 1213 795 quae
1241 754 1265 783 ι·
1291 740 1470 782 litteram
1499 756 1581 783 non
1610 741 1763 782 habent
1791 740 2001 790 omnibus,
2041 740 2121 781 nisi
2156 740 2228 781 ubi
2258 755 2348 793 eam
2377 740 2555 782 litteram
2583 756 2675 795 pro·

289 804 411 847 ducta
447 818 472 849 e
508 810 661 851 vocalis
698 812 910 864 praecedit
948 820 993 853 ut
1034 815 1075 853 in
1114 814 1347 855 fuerunt:
1389 828 1506 853 nam
1545 827 1640 854 nec
1678 813 1844 854 fuerit
1872 828 1947 853 nee
1976 813 2160 853 fueras
2189 827 2267 854 nec
2293 813 2446 854 fuero
2486 814 2529 854 in
2557 814 2676 855 binas

285 876 465 929 syllabas
494 893 670 935 unquam
700 884 968 924 coaluerunt⁴⁴
988 886 1035 936 ¹).
1093 886 1149 926 Et
1177 869 1263 927 ossi
1288 892 1329 926 et
1356 869 1474 926 lusio
1503 891 1709 927 contracte
1737 885 1994 938 pronuntiata
2021 898 2113 925 esse
2142 885 2302 927 scimus.
2361 884 2480 938 Quae
2512 886 2675 938 synize·

284 949 341 990 sis
371 953 562 1007 exempla
591 954 627 994 si
656 969 827 1011 quaeres
856 956 952 1013 quid
981 958 1058 998 sibi
1087 959 1296 1013 proprium
1325 959 1521 1010 habeant,
1562 958 1684 1000 facile
1714 972 1762 1000 eo
1803 958 2017 1013 pervenies
2056 965 2101 998 ut
2128 958 2169 998 in
2210 957 2347 998 allatis
2379 958 2603 1012 exemplis,
2642 960 2676 999 si

284 1022 413 1063 mittis
453 1038 501 1066 ea
540 1040 643 1081 quae
680 1028 810 1083 primo
849 1029 939 1071 loco
968 1032 1247 1085 congessimus
1277 1031 1441 1086 aliaque
1469 1043 1621 1085 pauca,
1663 1031 1795 1073 nullas
1834 1031 1936 1072 alias
1966 1029 2045 1071 nisi
2073 1042 2101 1073 u
2132 1037 2172 1071 et
2199 1031 2217 1074 i
2258 1029 2422 1072 vocales
2451 1030 2671 1084 synizesim

285 1096 480 1137 ascivisse
507 1096 737 1153 intellegaff
756 1102 846 1143 aliis
876 1104 1085 1145 vocalibus
1114 1106 1383 1159 praepositas.
1451 1104 1590 1157 Quare
1619 1104 1741 1144 facile
1770 1116 1853 1157 quo
1882 1104 1993 1144 illam
2024 1104 2242 1157 synizesim
2272 1102 2453 1157 explices
2482 1116 2674 1159 asseque-

283 1168 353 1207 ris.
418 1170 527 1210 Nam
554 1177 610 1226 ,u‘
641 1180 683 1213 et
710 1176 751 1224 ‚i‘
790 1176 871 1215 illis
910 1177 1011 1217 locis
1048 1191 1132 1217 ιιοιι
1161 1179 1364 1218 vocalium
1395 1178 1468 1217 sed
1498 1178 1806 1217 consonantium
1837 1177 1919 1216 vim
1949 1175 2113 1225 habent,
2154 1177 2213 1215 ita
2242 1176 2405 1230 quidem
2433 1182 2479 1215 ut
2506 1177 2675 1229 sejas,

284 1243 487 1293 sejens,
527 1246 782 1297 dvellum,
822 1255 929 1299 tvo,
961 1256 1084 1291 tvas
1115 1264 1151 1291 e.
1173 1265 1211 1304 q.
1236 1264 1267 1291 s.
1295 1250 1637 1302 pronuntiandum
1668 1251 1731 1291 sit.
1789 1250 1846 1288 Et
1873 1249 1951 1287 hoe,
1981 1249 2145 1303 quidem
2175 1250 2295 1288 etiam
2324 1249 2366 1287 in
2396 1249 2498 1287 alias
2527 1250 2676 1290 formas

284 1313 402 1363 cadit,
433 1329 540 1369 quae
567 1319 698 1370 primo
729 1320 871 1361 obtutu
900 1321 963 1362 his
993 1324 1114 1365 certis
1145 1323 1291 1363 finibus
1321 1324 1519 1363 contineri
1548 1336 1630 1362 non
1660 1335 1781 1373 posse
1811 1320 2011 1369 videntur,
2040 1321 2114 1361 sed
2143 1321 2332 1361 videntur
2360 1328 2538 1371 tantum,
2583 1322 2676 1362 dico

283 1383 431 1436 deus,
469 1402 610 1429 meus
649 1393 814 1433 nomina
850 1400 891 1435 et
927 1395 992 1447 is,
1031 1395 1169 1436 idem
1207 1396 1487 1448 pronominum
1526 1394 1677 1434 formas
1716 1408 1856 1433 omnes
1895 1393 2073 1447 itemque
2113 1393 2193 1433 ire
2234 1394 2350 1434 verbi
2379 1394 2551 1439 formas:
2593 1409 2676 1436 eos

285 1470 416 1508 eam,
449 1474 560 1511 eas,
592 1471 696 1514 eat,
728 1480 921 1517 eamus,
951 1471 1110 1518 eatis,
1143 1476 1285 1517 eant,
1316 1475 1450 1509 eunt.
1480 1468 1636 1510 Ritseh.
1661 1467 1787 1508 Pron.
1811 1482 1851 1520 p.
1876 1469 1968 1509 164.
2000 1466 2135 1508 Corss.
2162 1467 2189 1509 1.
2214 1466 2333 1513 a.11,
2364 1469 2453 1508 175.
2475 1470 2566 1517 178,
2588 1471 2678 1510 179.

283 1529 368 1571 Sed
397 1531 476 1573 ire
506 1536 620 1576 verbi
653 1537 822 1580 formas:
862 1554 944 1589 00,
976 1555 1085 1581 eam
1114 1555 1149 1583 e.
1172 1556 1212 1595 q.
1237 1556 1268 1582 s.
1298 1541 1436 1594 aliquo
1465 1549 1650 1593 tempore
1678 1540 1832 1582 fuisse:
1863 1540 1935 1588 io,
1967 1540 2087 1588 iam,
2119 1540 2199 1579 ias
2229 1554 2263 1581 e.
2291 1554 2329 1593 q.
2354 1553 2384 1581 s.
2417 1539 2511 1580 inde
2542 1540 2682 1592 colligi

281 1608 430 1655 potest,
462 1607 571 1659 quod
601 1610 797 1651 ambire
827 1613 995 1653 verbum
1027 1616 1290 1667 compositum
1320 1616 1362 1654 in
1393 1629 1511 1655 omne
1540 1622 1700 1666 tempus
1731 1614 1773 1662 ‚i‘
1805 1611 1990 1653 vocalem
2018 1613 2210 1652 servavit.
2268 1612 2331 1651 Ac
2370 1612 2510 1662 dius,
2551 1614 2684 1654 mins

282 1673 434 1716 formas
472 1678 689 1734 aliquando
731 1684 938 1724 exstitisse
979 1692 1041 1726 sat
1078 1688 1203 1727 multa
1241 1687 1485 1726 documenta
1522 1693 1627 1727 sunt.
1688 1684 1810 1737 Quod
1843 1685 1987 1724 attinet
2017 1683 2070 1723 ad
2101 1684 2211 1736 prius
2241 1697 2411 1732 nomen,
2452 1683 2505 1723 di
2534 1692 2575 1725 et
2605 1685 2681 1725 dis

283 1761 398 1788 casus
421 1764 502 1791 non
523 1762 695 1804 possunt
724 1771 772 1803 „a
801 1756 925 1797 deus
955 1758 1070 1808 duci,
1101 1759 1175 1799 sed
1206 1773 1229 1799 e
1258 1758 1381 1798 dius
1411 1765 1636 1806 manarunt,
1668 1758 1736 1799 vel
1768 1772 1790 1797 e
1821 1757 1906 1797 dis
1935 1757 2186 1797 nominativo
2215 1756 2332 1796 dius
2362 1756 2514 1797 formae
2535 1757 2678 1798 eadem

283 1820 439 1862 ratione
468 1823 643 1875 vicario,
674 1840 754 1881 qua
782 1828 921 1869 alius
952 1830 1019 1871 vel
1051 1829 1274 1871 Clodius
1303 1829 1455 1871 formas
1486 1837 1663 1884 aequant
1691 1829 1820 1880 alis,
1863 1828 2081 1870 Clodiu
2101 1827 2148 1883 ²).
2206 1828 2339 1868 mius
2372 1834 2507 1869 autem
2536 1829 2677 1872 Velius

281 1891 451 1945 Longus
482 1899 500 1942 (
505 1909 545 1949 p.
563 1898 685 1939 2236.
700 1899 768 1951 P.)
797 1908 841 1941 ut
870 1903 1133 1944 vetustiorem
1164 1903 1336 1944 formam
1366 1904 1503 1954 affert3
1535 1916 1584 1943 ae
1613 1902 1766 1943 mieis
1797 1902 1845 1955 (t.
1871 1900 1981 1955 Scip.
2008 1901 2075 1943 Or.
2099 1901 2203 1953 554)
2233 1900 2406 1953 legimus
2420 1901 2469 1953 ³).
2528 1901 2584 1943 Et
2612 1903 2675 1951 is,

283 1965 421 2006 idem
450 1973 733 2020 pronominum
762 1974 913 2013 formas
943 1976 1165 2029 aliquando
1196 1978 1237 2025 ,i‘
1268 1990 1338 2028 pro
1368 1980 1417 2024 ,e‘
1448 1976 1583 2016 vocali
1612 1974 1800 2014 habuisse
1828 1981 2013 2015 vetustae
2044 1974 2332 2026 inscriptiones
2363 1974 2606 2024 ostendunt,
2637 1977 2678 2015 in

283 2038 455 2089 quibus:
484 2041 557 2081 iei
578 2046 693 2094 (nom
715 2045 857 2098 plur.),
887 2047 988 2087 ieis
1012 2048 1115 2097 (dat.
1128 2048 1208 2089 abl.
1225 2048 1352 2101 plur.)
1377 2048 1591 2101 exstanv).
1635 2046 1805 2087 Accedit
1825 2052 1869 2085 ut
1889 2047 2004 2086 testis
2026 2046 2267 2094 Macrobius,
2295 2046 2366 2099 qui
2388 2046 2569 2099 (Saturn.
2583 2047 2617 2094 Ι,
2633 2049 2680 2100 4)

282 2109 345 2147 im
374 2111 425 2161 (i.
440 2125 474 2152 e.
507 2118 621 2165 eum)
651 2116 820 2158 formam
851 2118 965 2159 affert
978 2119 1030 2170 ⁵).
1088 2121 1225 2174 Atque
1254 2120 1457 2160 Ennius
1487 2126 1623 2160 noster
1654 2119 1875 2172 synizcsim
1904 2119 1938 2158 si
1968 2119 2098 2158 minus
2128 2117 2321 2159 radicitus
2352 2117 2505 2168 evellit,
2537 2123 2674 2161 tamen

283 2182 325 2221 in
352 2185 577 2226 Annalibus
607 2195 686 2228 tam
717 2192 814 2230 artis
844 2192 991 2232 finibus
1022 2195 1239 2241 continuit,
1279 2200 1325 2232 ut
1363 2193 1552 2244 exempla
1581 2193 1659 2232 huc
1688 2193 1933 2244 pertinentia
1963 2192 2097 2232 omnia
2124 2193 2268 2232 afferre
2305 2205 2386 2231 non
2415 2190 2581 2243 longum
2612 2193 2675 2234 sit.

283 2252 387 2293 Sunt
418 2258 546 2300 enim:
576 2259 683 2300 Ann.
712 2275 750 2304 v.
777 2264 843 2305 97.
874 2266 1065 2317 avium3
1095 2281 1133 2307 v.
1153 2269 1244 2305 111.
1275 2278 1551 2317 meaeque3
1582 2280 1619 2306 v.
1643 2266 1738 2305 206.
1768 2246 2072 2314 eorundem3
2102 2277 2140 2305 v.
2162 2264 2254 2303 244
2268 2266 2365 2306 511.
2393 2267 2500 2316 cui3
2529 2278 2569 2305 V.
2584 2265 2676 2307 315

282 2329 562 2381 priusque3
602 2346 640 2373 v.
671 2334 764 2375 414.
794 2321 1149 2387 insidiantes3
1190 2352 1229 2378 v.
1257 2340 1352 2379 449.
1383 2337 1597 2387 deinde;
1641 2348 1680 2377 v.
1712 2337 1805 2377 463.
1835 2336 2304 2389 semianimesque3
2336 2352 2373 2377 v.
2404 2338 2498 2378 554.
2528 2337 2679 2377 Huic.

283 2398 341 2439 Ut
369 2403 589 2452 synizesim
619 2420 642 2445 a
670 2405 818 2446 Plauto
849 2408 890 2447 in
920 2424 1059 2460 suus,
1091 2426 1253 2459 suum,
1285 2415 1427 2457 suos,
1457 2424 1572 2457 sua,
1604 2422 1765 2456 suam,
1797 2422 1937 2457 suas,
1968 2408 2083 2448 suis
2112 2408 2327 2449 admissam
2353 2410 2563 2460 effugeret,
2594 2410 2677 2449 En-

282 2471 375 2512 nius
406 2475 709 2527 monosyllabas
749 2479 901 2520 formas
932 2486 1077 2532 (sus),
1109 2497 1212 2522 sum
1253 2483 1383 2532 (Ann.
1412 2497 1451 2522 v.
1485 2482 1576 2521 102.
1609 2481 1725 2529 165),
1755 2494 1838 2520 sos
1869 2483 1930 2529 (v.
1955 2482 2021 2521 22.
2050 2482 2140 2521 152.
2166 2482 2259 2522 261.
2288 2482 2406 2530 358),
2438 2480 2541 2534 (sa),
2576 2495 2681 2520 sam

284 2547 346 2593 (v.
371 2546 488 2597 228),
518 2561 602 2588 sas
632 2552 694 2600 (v.
727 2552 846 2603 103),
877 2554 952 2593 sis
983 2559 1043 2604 (v.
1076 2558 1180 2596 1501
1211 2556 1405 2595 adhibuit.
1461 2566 1570 2602 sus,
1604 2566 1657 2592 sa
1685 2566 1926 2606 quamquam
1955 2566 2037 2593 non
2067 2553 2204 2593 insunt
2231 2554 2272 2593 in
2301 2553 2514 2594 Ennianae
2542 2555 2679 2607 poesis

283 2617 487 2672 reliquiis,
524 2628 661 2664 tamen
691 2624 795 2665 nihil
826 2626 959 2668 obstat
988 2630 1200 2681 quominus
1232 2629 1406 2668 Ennium
1446 2634 1488 2668 et
1517 2626 1580 2667 his
1611 2626 1749 2667 formis
1781 2626 1832 2666 ad
1862 2627 2077 2667 allatarum
2107 2626 2409 2668 similitudinem
2426 2640 2554 2699 fisum
2585 2640 2675 2669 csse

285 2690 537 2737 arbitremur.
595 2696 650 2735 Et
679 2697 757 2737 huc
786 2699 1044 2741 referendum
1074 2708 1137 2742 est
1165 2707 1383 2756 quattor
1412 2701 1437 2741 i.
1457 2714 1489 2741 e.
1520 2704 1774 2753 quattuor
1804 2700 1932 2748 (Anu.
1948 2713 1985 2741 v.
2003 2700 2067 2740 96.
2085 2700 2190 2749 580)
2203 2700 2258 2750 ο).
2303 2699 2509 2752 Argeos
2540 2706 2676 2741 autem

298 2766 823 2782 Ἥ

308 2818 323 2848 1
378 2816 401 2852 l.
428 2828 459 2852 a.
511 2844 520 2852 .
549 2821 629 2856 164.

307 2814 343 2917 23
376 2828 511 2910 Ritscll).
539 2878 594 2912 De
618 2879 745 2917 declin.
772 2883 875 2925 quad.
900 2884 986 2919 Lat.
1010 2894 1080 2919 rec.
1107 2888 1245 2926 quaest.
1271 2885 1384 2927 epigr.
1411 2895 1446 2927 p.
1472 2885 1529 2918 22.

306 2934 342 2975 3)
376 2933 495 2971 coras.
510 2935 534 2972 l.
550 2947 581 2973 a.
595 2937 625 2978 I,
639 2948 674 2981 p.
687 2938 769 2976 300.
809 2940 1001 2976 Praeterea
1025 2953 1146 2976 meus
1172 2942 1256 2976 olim
1281 2943 1390 2975 fuisse
1416 2943 1526 2975 mius
1553 2944 1622 2975 iam
1644 2941 1910 2976 Rualdimanuus
1930 2941 2031 2984 (lust.
2048 2953 2197 2986 gramm.
2212 2943 2293 2977 Lat.
2307 2942 2338 2983 1,
2351 2953 2385 2985 p.
2398 2942 2482 2985 200)
2499 2941 2673 2977 admonet-

305 2993 341 3032 4)
376 2990 450 3027 css.
476 2992 592 3029 Corus.
618 2994 648 3037 1,
673 2996 753 3033 312.

307 3053 342 3092 ε»)
378 3052 449 3084 css.
478 3054 614 3098 Reisig.
639 3055 739 3092 ‘Boi-1.
764 3057 822 3092 iib.
851 3060 914 3094 tat.
943 3059 1125 3105 &pt-adm).
1151 3069 1185 3102 p.
1215 3059 1293 3094 196.

307 3113 343 3153 G)
375 3113 509 3148 Ititsch.
540 3114 630 3151 Mus.
655 3115 757 3149 Rhen
795 3117 897 3160 VIII,
923 3120 1000 3154 309,
1029 3119 1175 3154 Lachm.
1203 3119 1246 3152 ad
1271 3119 1377 3154 Lucr.
1405 3118 1472 3161 111,
1497 3120 1578 3156 917.
