3043 3532
1342 120 1674 171 —14—

298 238 455 279 Versus
482 240 551 290 86,
590 242 685 290 332,
719 242 815 291 360,
846 243 941 291 399,
971 243 1068 292 448,
1099 243 1181 282 562
1208 244 1250 282 in
1280 256 1464 292 caussam
1484 245 1628 283 venire
1652 256 1736 283 non
1761 250 1934 295 possunt
1958 250 2180 297 propterea
2210 244 2320 298 quod
2346 246 2552 287 vocabula
2580 246 2624 287 in
2651 259 2707 287 or

298 309 534 352 desinentia
562 312 604 351 in
636 313 751 352 exitu
779 326 971 359 versuum
997 319 1160 354 exstant
1176 302 1225 364 14).
1284 314 1420 354 Unum
1450 320 1607 362 tantum
1637 314 1892 367 exemplum,
1931 315 2041 368 quod
2068 327 2194 368 supra
2221 315 2407 357 consulto
2437 318 2555 358 omisi
2568 348 2578 367 ,
2618 317 2706 359 vol-

305 381 398 433 gari
426 382 605 424 lectione
633 390 801 426 servata
835 384 981 434 obstat,
1007 383 1099 424 dico
1127 385 1286 426 sudor
1312 386 1478 435 v'ocem,
1506 397 1613 438 quae
1642 391 1706 426 est
1737 386 1844 427 Anu.
1867 387 1958 429 rell.
1981 400 2021 430 v.
2051 388 2158 427 436:

844 457 1018 506 „Totum
1047 456 1205 495 sudor
1234 457 1357 497 habet
1385 470 1532 509 corpus
1561 457 1812 510 multumque
1842 458 2023 499 laborat“

299 524 452 565 Verbis
482 533 620 580 autem
648 528 706 567 ita
734 528 1011 580 transpositis:

840 586 1024 650 „corpus
1055 597 1178 641 habet
1206 604 1334 640 totum
1363 599 1526 641 sudor
1554 599 1806 655 multumque
1835 600 2018 642 laborat¹¹
2303 655 2304 658 Ἴ

300 667 368 708 vel
399 668 558 709 sudor
588 669 699 710 vocis
729 669 818 710 loco
849 684 940 711 cum
970 684 1162 723 corpus
1192 686 1294 714 voce
1323 678 1574 725 permutato,
1604 672 1647 713 id
1676 673 1785 727 quod
1812 674 2038 727 simplicius
2069 679 2143 727 est,
2172 680 2218 714 ut
2247 686 2391 716 versus
2419 673 2516 713 talis
2545 674 2624 714 sit:

819 741 1020 790 ,Totum
1050 757 1198 802 corpus
1227 744 1351 786 babet
1378 744 1541 788 sudor
1570 745 1823 800 multumque
1850 746 2033 788 laborat“

303 823 362 850 su
377 810 467 850 dor
494 812 608 852 vocis
637 812 822 853 ultimam
850 813 1023 855 habebis
1052 815 1303 869 productam.
1359 817 1498 859 Verba
1525 824 1661 859 antem

843 886 1019 937 „Totum
1049 902 1196 943 corpus
1225 888 1351 931 habet
1378 888 1503 930 sudor
1531 890 1784 945 multumque
1811 890 1992 932 laborat“

297 955 501 1008 quomodo
539 957 628 996 fieri
659 959 836 1011 potuerit
873 965 918 998 ut
945 960 988 999 in
1017 961 1227 1013 vulgarem
1257 974 1428 1015 eamque
1457 974 1628 1015 pravam
1657 963 1965 1003 collocationem
1993 964 2221 1012 transirent,
2248 963 2283 1002 si
2310 974 2482 1016 quaeres
2505 974 2703 1027 caussam,

297 1033 340 1064 te
369 1027 421 1065 ad
452 1040 615 1067 versum
645 1031 751 1071 434:

793 1129 804 1141 .
842 1104 1057 1159 „Undique
1089 1106 1257 1145 nitendo
1287 1119 1480 1160 corpus
1509 1107 1746 1159 discerpere
1773 1108 1906 1146 ἴση-04·

295 1172 476 1214 reiciam.
534 1174 628 1225 Quo
667 1188 789 1214 versu
829 1190 920 1215 cum
960 1191 1155 1232 corpus
1194 1193 1342 1218 nomen
1380 1181 1607 1232 proximum
1647 1187 1743 1219 ante
1781 1193 1991 1220 caesuram
2020 1178 2392 1232 semiseptenariam
2422 1176 2556 1216 locum
2586 1189 2704 1216 occu-

294 1250 447 1295 passet,
477 1244 667 1285 librarius
696 1247 864 1299 quidam
893 1248 1018 1290 facile
1047 1264 1096 1290 eo
1126 1250 1274 1291 adduci
1304 1253 1448 1303 potuit,
1476 1258 1521 1291 ut
1549 1266 1589 1292 v.
1620 1253 1728 1291 436:
1759 1252 1868 1291 idem
1898 1264 2090 1303 corpus
2118 1263 2267 1289 nomen
2296 1264 2321 1289 a
2348 1247 2529 1300 genuina
2555 1246 2702 1287 verbo·

298 1328 388 1354 rum
419 1316 692 1359 collocatione
717 1318 935 1368 discedens
962 1322 1005 1361 in
1043 1322 1187 1363 eadem
1217 1323 1316 1364 sede
1343 1330 1514 1377 poneret
1526 1325 1574 1376 ²).
1632 1324 1750 1364 Haec
1775 1324 1938 1378 quidem
1965 1323 2018 1363 de
2040 1323 2116 1363 his.

435 1389 526 1428 Iam
555 1403 653 1430 vero
684 1391 736 1432 ad
764 1392 875 1432 aliud
898 1399 1172 1445 transeamus,
1201 1397 1243 1436 in
1273 1410 1352 1450 quo
1382 1397 1508 1437 Ennii
1537 1410 1664 1450 opera
1686 1398 1939 1447 versabatur,
1966 1397 2090 1450 idque
2112 1401 2302 1448 spectans
2330 1392 2389 1433 ad
2418 1390 2703 1432 stabilien-

301 1459 417 1499 dam
446 1463 799 1518 positionem,
840 1466 953 1505 cuius
983 1467 1066 1507 vim
1095 1469 1338 1520 saepissime
1366 1483 1392 1510 a
1418 1469 1568 1508 Plauto
1598 1470 1878 1522 Terentioque
1911 1469 2141 1521 neglectam
2170 1479 2262 1507 esse
2291 1479 2410 1505 nemo
2441 1463 2584 1503 nescit.
2639 1462 2703 1501 Ac

300 1532 476 1585 primum
522 1533 686 1587 quidem
724 1534 907 1577 dicamus
948 1537 1001 1578 de
1030 1552 1080 1579 ea
1109 1540 1333 1593 positione,
1372 1554 1479 1595 quae
1507 1541 1553 1581 fit
1581 1542 1623 1580 in
1663 1540 1851 1581 mediis
1881 1540 2187 1582 vocabulis.
2245 1537 2339 1590 Quo
2367 1536 2577 1589 pertinent
2605 1539 2703 1572 :nto

300 1605 437 1644 omnia
482 1606 617 1655 „vitae
656 1619 733 1646 usu
772 1607 946 1650 detritae
985 1610 1104 1661 ille,
1145 1612 1271 1662 iste,
1310 1625 1450 1664 esse,
1482 1626 1660 1654 eccum
1691 1613 1883 1663 voculae,
1916 1613 2063 1667 quibus
2092 1611 2305 1665 aliquanto
2325 1610 2453 1646 rarius
2471 1612 2703 1657 correptum

300 1676 420 1729 ipse
460 1678 660 1717 accedit.“
702 1679 859 1720 Ritsch.
888 1681 1015 1722 Proll.
1045 1695 1085 1736 p.
1120 1686 1197 1723 122
1212 1685 1258 1737 ³).
1318 1685 1401 1724 Cur
1430 1691 1566 1725 autem
1596 1686 1713 1739 ipse
1743 1698 1966 1736 pronomen
2004 1685 2132 1722 multo
2169 1684 2298 1721 rarius
2326 1681 2539 1733 positionis
2568 1680 2702 1729 legem

299 1749 538 1800 neglexerit
566 1750 688 1789 facile
718 1759 781 1790 est
809 1753 1035 1794 intellectu.
1096 1756 1343 1811 Ubicunque
1372 1759 1481 1796 enim
1511 1758 1611 1796 illud
1641 1771 1863 1809 pronomen
1895 1763 2040 1803 exstat,
2081 1756 2275 1806 premitur
2304 1754 2355 1791 ob
2386 1765 2557 1803 eamque
2587 1763 2701 1788 caus·

300 1835 385 1859 sam
417 1823 571 1860 maiore
601 1824 643 1862 vi
673 1826 1016 1876 pronuntiandum
1048 1836 1123 1868 est.
1182 1830 1264 1867 Sed
1295 1836 1458 1882 praeter
1499 1831 1619 1878 ille,
1661 1832 1789 1877 iste,
1830 1844 1970 1876 esse,
2012 1842 2207 1874 eccum,
2238 1828 2352 1878 ipse
2381 1825 2548 1863 voculas
2578 1824 2702 1861 etiam

305 1896 481 1942 „iudc,
513 1897 666 1943 unde,
697 1899 864 1950 intus,
895 1902 1038 1938 inter
1066 1903 1327 1955 (interim),
1359 1917 1564 1954 nempe,
1597 1905 1762 1942 omnis
1803 1901 2003 1942 vocabula
2031 1906 2219 1951 correpta
2248 1897 2521 1950 paenultima,
2564 1909 2701 1948 quam-

337 2000 370 2044 l)
404 2001 506 2041 Quod
532 2012 617 2035 vero
642 2012 698 2037 vv.
728 2005 806 2045 160,
833 2006 913 2047 211,
938 2007 1019 2049 273,
1045 2009 1125 2050 304,
1151 2008 1234 2051 444,
1257 2010 1340 2052 469,
1363 2011 1446 2052 486,
1471 2011 1536 2044 601
1575 2012 1610 2041 in
1645 2010 1713 2042 fine
1740 2010 1991 2043 vocabulorum
2024 2009 2068 2040 de
2094 2007 2220 2049 quibus
2247 2006 2385 2048 agimus
2413 2007 2530 2037 exstat
2552 2004 2702 2046 positio:

400 2060 468 2093 hoc
492 2064 607 2105 magis
635 2074 722 2096 casu
747 2063 881 2097 factum
907 2072 962 2099 est
986 2078 1053 2101 nec
1077 2068 1124 2101 ad
1149 2068 1452 2103 confirmationem
1478 2075 1636 2103 nostram
1663 2070 1864 2103 diluendam
1889 2069 2038 2112 proferri
2063 2070 2191 2112 potest

323 2118 358 2162 2)
393 2119 474 2153 Hoc
508 2125 626 2155 autem
660 2122 737 2155 loco
771 2126 971 2158 summatim
1005 2127 1131 2161 afferre
1164 2128 1271 2163 liceat
1305 2130 1478 2164 nonnulla
1511 2131 1654 2163 nomina
1686 2141 1795 2172 supra
1819 2130 2089 2173 praetermissa,
2121 2136 2269 2171 quorum
2300 2124 2461 2159 vocalem
2485 2134 2508 2157 ⁸
2531 2121 2705 2167 Prinmpm

391 2178 535 2221 quidem
560 2179 789 2222 productam,
815 2187 941 2224 postea
966 2189 1084 2219 autem
1111 2188 1344 2231 correptionis
1369 2190 1405 2221 vi
1431 2189 1476 2222 ad
1501 2189 1715 2222 brevitatem
1741 2189 1957 2233 depressam,
1989 2188 2127 2222 Ennius
2153 2187 2310 2231 genuina
2333 2193 2499 2219 mensura
2522 2191 2608 2216 usus
2632 2190 2703 2215 ser·

390 2236 501 2270 vavit.
550 2236 641 2270 Sunt
665 2238 759 2270 enim
784 2238 911 2274 haece.

567 2307 658 2342 Anu.
683 2317 717 2343 v.
746 2307 833 2344 148:
863 2303 1018 2352 aquila:
1050 2305 1106 2343 Et
1127 2304 1266 2344 densis
1289 2306 1421 2358 aquila
1442 2306 1576 2358 pinnis
1607 2306 1759 2344 obnixa
1787 2305 1965 2346 volabat.

566 2366 652 2400 ibid
679 2376 712 2399 v
738 2366 823 2399 319:
851 2357 981 2400 fulva:
1009 2361 1173 2413 iamque
1201 2362 1289 2400 fere
1309 2362 1449 2413 pulvis
1477 2362 1584 2402 fulva
1618 2361 1730 2401 volat
1753 2384 1819 2409 —,

2417 2375 2427 2392 Ι

567 2424 615 2454 iib
620 2423 653 2458 d.
682 2434 715 2458 v.
740 2426 828 2457 484:
856 2421 1030 2462 aegoeflz
1059 2416 1186 2455 multa
1211 2417 1298 2454 soro
1324 2418 1440 2467 ponit
1464 2423 1505 2456 et
1519 2428 1646 2466 agoea
1663 2415 1787 2467 longa
1802 2416 1994 2468 repletur.
2028 2426 2101 2460 ef..
2117 2425 2221 2461 Vahl.
2234 2425 2326 2461 Mna.
2336 2424 2450 2459 Rhen.
2461 2421 2558 2462 XIV,
2572 2431 2608 2464 p.
2619 2420 2700 2455 656.

403 2470 540 2512 Quibus
566 2470 736 2514 ‹xemplis
762 2468 912 2513 Bergkii
938 2476 1144 2505 coniectura
1167 2472 1345 2516 probabili
1370 2472 1460 2506 haec
1485 2472 1677 2505 accedunt:

567 2529 658 2564 Ann
685 2539 716 2562 v
743 2529 832 2564 305:
864 2517 1055 2568 conlega:
1088 2532 1157 2557 ore
1189 2518 1395 2571 Cethegus
1422 2521 1585 2558 Marcus
1611 2518 1775 2569 conlega
1802 2519 2022 2568 Tuditano,

568 2587 653 2622 ibid
680 2599 713 2622 v
739 2588 829 2623 433:
864 2572 1004 2624 galea.
1033 2582 1171 2614 aerato
1204 2575 1340 2615 sonitu
1366 2576 1501 2626 galei:
1540 2574 1609 2613 sed
1639 2588 1717 2614 nec
1740 2581 1834 2625 poto
1864 2576 2088 2627 quisquam.
2141 2584 2214 2621 cf.
2239 2584 2370 2630 gaba).
2395 2583 2453 2626 ῗΰτ
2480 2580 2573 2627 cinfl.
2606 2577 2705 2626 ᾙβὶῑ.

395 2634 499 2675 1861,
526 2645 561 2676 p.
588 2635 669 2675 524,
694 2634 764 2668 496
789 2629 1044 2677 .q.F1eckei³
1071 2629 1163 2667 sitit.
1190 2629 1299 2667 ffllissc.
1323 2632 1451 2668 Dresd.
1478 2642 1511 2666 a.
1540 2632 1642 2671 1864,
1666 2642 1700 2675 p.
1733 2633 1789 2667 14.

322 2692 358 2734 3)
391 2692 493 2731 Quod
526 2691 655 2726 attinet
687 2692 733 2725 ad
767 2703 890 2733 esse,
933 2691 1037 2731 ille,
1077 2699 1228 2723 eccum
1260 2690 1426 2732 voculas,
1464 2691 1800 2734 geminatarum
1834 2693 2192 2723 consonantium
2224 2694 2384 2723 auctor
2416 2690 2592 2722 Ennius
2626 2687 2707 2724 fuit,

393 2751 523 2793 quippe
548 2752 630 2794 qui,
656 2762 735 2784 cum
760 2750 1081 2791 subauscultando,
1106 2758 1194 2790 quas
1213 2753 1449 2782 consonantes
1468 2749 1564 2782 vitao
1580 2748 1798 2781 consuetudo
1815 2748 2077 2791 pronuntiando
2103 2750 2312 2793 geminaret,
2338 2748 2582 2781 observasset:
2607 2744 2699 2778 hanc

394 2810 675 2852 geminationem
698 2810 986 2853 pronuntiatione
1012 2807 1193 2841 cotidiana
1217 2807 1407 2851 probatam
1430 2807 1675 2850 {innatamque
1701 2808 1807 2840 etiam
1832 2807 2018 2840 scribendo
2042 2807 2261 2852 significaret
2286 2806 2372 2849 (Cis.
2392 2806 2490 2840 Fest.
2513 2815 2542 2839 s.
2561 2809 2595 2840 v.'
2616 2802 2706 2837 Soli-

391 2858 540 2900 'taurssia
562 2878 597 2910 p.
615 2867 696 2902 ⁶293.
729 2868 778 2901 M.
805 2867 939 2902 mach.
969 2865 1040 2902 Tit.
1071 2867 1212 2900 numm.
1239 2877 1275 2910 p.
1300 2868 1335 2900 4.
1365 2867 1461 2902 Mon.
1494 2866 1606 2909 epigr.
1633 2869 1678 2900 tr.
1703 2875 1738 2908 p.
1773 2866 1828 2906 ιο,
1847 2865 1905 2901 32.
1943 2866 2016 2902 Tit.
2041 2866 2153 2900 Aleti.
2179 2876 2215 2909 p.
2232 2864 2322 2908 Μ).
2370 2864 2586 2901 nit-chenu.
2611 2862 2699 2907 (Tit.

389 2926 446 2960 Al.
474 2936 511 2968 p.
535 2927 571 2966 4)
598 2928 857 2968 geminatarum
881 2926 1151 2959 consonantium
1175 2930 1315 2968 tempus
1341 2926 1449 2959 certis
1475 2924 1605 2958 finibus
1631 2925 1800 2959 coercuit.
1851 2924 1969 2957 Huius
1994 2926 2063 2958 viri
2088 2926 2199 2958 verba
2223 2929 2327 2960 nunt:
2362 2924 2531 2968 ¹,Etenim
2554 2932 2626 2955 non
2650 2924 2710 2954 est

389 2986 626 3028 geminatum,
652 2986 683 3017 si
709 2986 754 3018 ab
780 2996 849 3018 uno
876 2995 987 3028 eoque
1012 2984 1189 3029 singulari
1214 2984 1375 3028 exemplo
1400 2984 1611 3024 recesseris,
1637 2987 1743 3016 ante
1767 2982 1992 3026 Ennium3
2016 2984 2216 3028 promiscue
2237 2983 2299 3019 -vel
2323 2982 2540 3027 geminatum
2564 2978 2622 3015 vel
2637 2988 2708 3013 non

391 3046 611 3087 geminatum
638 3043 719 3076 iude
745 3044 789 3078 ab
816 3055 908 3078 anno
935 3044 1075 3078 circiter
1100 3043 1169 3077 680
1195 3042 1229 3079 h.
1257 3056 1287 3080 e.
1314 3042 1440 3087 paullo
1466 3046 1548 3077 ante
1574 3045 1723 3077 mortem
1747 3041 1876 3083 Ennii,
1919 3044 1980 3087 qui
2003 3037 2097 3077 anno
2122 3043 2191 3079 686
2218 3043 2350 3077 obiisse
2374 3041 2599 3087 perhibetur3
2630 3048 2693 3072 sae

390 3105 470 3156 pius
498 3104 717 3148 geminatum
742 3113 847 3145 quam
873 3113 943 3136 non
968 3104 1186 3147 geminatum
1211 3104 1434 3147 paucissimis
1462 3104 1618 3146 exceptis
1645 3103 1850 3136 vetustioris
1901 3106 2007 3138 moris
2031 3103 2188 3145 reliquiis
2213 3101 2333 3146 paullo
2357 3105 2439 3146 post
2455 3110 2585 3134 anuum
2601 3098 2706 3137 640.ι
