3043 3532
413 848 486 921 Q.
525 847 792 914 Ennius
841 851 1048 932 poeta
1096 866 1304 915 versu
1352 832 1753 916 hexametro
1804 851 1881 914 in
1931 851 2201 916 litteras
2241 850 2524 916 Latinas

906 973 1185 1038 inducto
1228 974 1567 1054 quatenus
1603 974 1891 1037 meritus
1933 974 2040 1036 sit.

412 1247 494 1314 Ut
522 1264 631 1305 bello
659 1266 817 1306 Punico
848 1266 1026 1306 secundo
1055 1266 1168 1306 finito
1198 1267 1336 1319 poesis
1366 1267 1567 1314 Romana,
1611 1266 1761 1318 quippe
1803 1279 1903 1318 quae
1933 1271 2056 1306 antea
2085 1280 2137 1306 ne
2167 1266 2331 1306 minima
2361 1265 2525 1318 quidem
2555 1272 2663 1305 esset

280 1335 520 1375 auctoritate
538 1337 583 1387 ¹),
622 1336 673 1376 ad
712 1336 906 1377 honorem
946 1337 1265 1390 dignitatemque
1302 1338 1570 1377 adduceretur
1609 1339 1793 1377 effecisse
1833 1338 1886 1389 Q.
1914 1339 2041 1377 Ennii
2079 1345 2228 1390 poetae
2266 1339 2432 1389 propria
2470 1338 2558 1377 laus
2589 1344 2661 1379 est.

284 1406 366 1457 Qui
395 1409 468 1455 vir,
497 1407 579 1448 alta
607 1408 777 1460 quadam
808 1416 943 1449 mente
972 1410 1202 1461 praeditus,
1234 1410 1378 1449 litteris
1409 1410 1645 1462 artibusque
1673 1409 1845 1462 politus,
1878 1411 1998 1449 trium
2027 1409 2258 1461 linguarum
2287 1409 2522 1461 cognitione
2551 1422 2666 1450 orna-

282 1484 347 1516 tus
363 1479 408 1530 ²),
447 1492 533 1519 rem
562 1493 610 1519 eo
639 1480 842 1532 perduxit,
883 1487 927 1520 ut
955 1489 1103 1534 poetae
1132 1482 1324 1522 Romanis
1359 1488 1526 1529 „natura
1554 1482 1644 1533 ipsa
1673 1481 1810 1522 valere
1838 1486 1879 1520 et
1907 1481 2054 1521 mentis
2085 1482 2237 1522 viribus
2268 1481 2439 1521 excitari
2478 1487 2520 1521 et
2550 1481 2665 1534 quasi

284 1549 420 1589 divino
461 1551 634 1603 quodem
670 1553 814 1604 spiritu
854 1553 1007 1592 inflari“
1051 1553 1285 1593 viderentur
1299 1554 1344 1605 ³).
1403 1553 1493 1593 Nec
1529 1553 1646 1605 parvi
1674 1553 1865 1593 momenti
1901 1553 1953 1592 ad
1991 1554 2146 1605 poesim
2175 1553 2366 1592 Latinam
2406 1552 2666 1593 excitandam

283 1621 588 1674 tollendamque
616 1624 693 1662 fuit
721 1625 830 1675 quod
858 1625 1013 1664 Ennius
1045 1626 1087 1664 in
1115 1625 1331 1664 multorum
1360 1624 1559 1664 nobilium
1586 1623 1862 1664 familiaritate
1882 1624 2134 1665 versabatur.
2178 1623 2299 1664 Unde
2320 1624 2408 1664 fieri
2429 1637 2512 1664 non
2534 1625 2668 1677 potuit

284 1693 381 1744 quin
410 1699 558 1745 poetae
597 1696 753 1734 animus
784 1696 935 1735 maiore
974 1696 1107 1736 studio
1147 1703 1188 1736 et
1215 1696 1476 1736 incitamento
1507 1695 1794 1747 impelleretur.
1851 1695 1960 1734 Tum
1989 1694 2150 1734 demum
2178 1708 2328 1748 magna
2356 1708 2450 1748 spes
2479 1696 2523 1735 in
2551 1696 2668 1748 poesi

285 1765 498 1817 poetisque
528 1767 625 1818 poni
654 1773 828 1818 poterat.
882 1768 1040 1807 Artium
1071 1769 1176 1808 enim
1205 1781 1254 1807 ac
1282 1767 1587 1820 disciplinarum
1616 1780 1877 1819 progressus,
1906 1766 1950 1804 id
1979 1766 2087 1819 quod
2116 1767 2294 1806 cuiusvis
2323 1767 2466 1820 populi
2496 1767 2665 1807 litterae

287 1836 452 1885 docent,
492 1838 687 1890 imprimis
728 1852 775 1878 eo
816 1841 1072 1879 continentur
1112 1846 1157 1878 ut
1194 1839 1290 1879 illae
1319 1839 1430 1891 apud
1460 1840 1570 1880 cives
1600 1852 1751 1890 eosque
1780 1838 2051 1878 nobilissimos
2080 1838 2258 1879 valeant.
2326 1840 2463 1892 Atque
2491 1838 2669 1892 primum

285 1907 441 1948 Ennius
471 1910 764 1950 consuetudine
792 1910 1034 1962 implicitum
1062 1910 1238 1950 habebat
1268 1909 1487 1959 Catonem,
1519 1911 1590 1963 qui
1618 1910 1717 1963 quin
1745 1915 1916 1964 poetae,
1958 1923 2048 1949 cum
2077 1910 2249 1949 Romam
2277 1918 2369 1950 eum'
2397 1911 2613 1960 ascivisset
2625 1911 2671 1962 ⁴),

286 1979 436 2021 faverit
464 1980 631 2020 dubium
659 1996 742 2021 non
772 1989 843 2022 est.
900 1984 1090 2035 Namque
1117 1984 1297 2021 Ennium
1325 1989 1411 2022 tum
1440 1981 1601 2021 demum
1641 1996 1732 2022 cum
1760 1981 1813 2021 ad
1842 1981 2076 2033 Scipionem
2107 1987 2444 2034 caeterorumque
2472 1982 2670 2022 nobilium

283 2064 466 2090 caussam
505 2065 597 2091 sese
636 2053 878 2093 adiunxerat
915 2060 1058 2114 atque,
1097 2067 1288 2106 quorsum
1327 2054 1435 2092 illius
1476 2053 1622 2093 aetatis
1658 2053 1885 2093 litterarum
1921 2053 2157 2093 Latinarum
2192 2059 2323 2093 motus
2366 2054 2496 2094 casuri
2533 2060 2672 2093 essent

283 2123 551 2177 praesagiens
572 2137 726 2178 suoque
743 2125 874 2165 animo
893 2125 1100 2174 inductus,
1132 2138 1348 2178 personam
1380 2122 1465 2166 τῶν
1487 2118 1767 2179 ἕλληνιστῶί
1780 2123 1850 2177 qui
1871 2123 2059 2165 dicuntur
2077 2137 2221 2178 gerere
2242 2131 2443 2179 coeperat,
2475 2137 2556 2180 qua
2585 2134 2673 2165 erat

286 2195 394 2248 apud
424 2195 645 2246 Catonem,
676 2197 912 2237 acerrimum
944 2197 1004 2236 illi
1033 2197 1166 2237 studio
1197 2197 1494 2242 adversarium,
1525 2198 1659 2249 gratia
1689 2196 1891 2236 excidisse
1921 2197 2235 2236 existimandum
2255 2203 2327 2236 est.
2372 2197 2466 2236 Huc
2485 2204 2674 2251 spectant

288 2267 498 2307 Ciceronis
509 2268 546 2319 ⁸)
575 2268 720 2309 verba:
754 2267 986 2316 „Honorem
1015 2275 1148 2309 tamen
1177 2268 1270 2307 huic
1298 2268 1441 2320 generi
1470 2268 1516 2319 (i.
1542 2281 1576 2308 e.
1607 2267 1740 2321 poesi)
1771 2281 1852 2306 non
1880 2267 2006 2306 fuisse
2036 2267 2219 2307 declarat
2249 2269 2378 2307 oratio
2410 2268 2602 2324 Catonis,
2632 2272 2674 2309 in

288 2352 368 2392 qua
396 2339 544 2380 obiecit
570 2346 616 2379 ut
645 2339 835 2393 probrum
867 2340 921 2381 M.
939 2340 1160 2388 Nobiliori,
1191 2339 1300 2392 quod
1325 2340 1360 2379 is
1386 2340 1429 2378 in
1458 2339 1706 2391 provinciam
1734 2345 1878 2391 poetas
1908 2337 2103 2380 duxisset.
2148 2339 2336 2379 Duxerat
2364 2346 2500 2380 autem
2530 2342 2672 2381 consul

286 2409 356 2450 ille
390 2410 436 2451 in
464 2411 689 2462 Aetoliam,
726 2417 771 2451 ut
811 2412 979 2461 scimus,
1018 2411 1228 2452 Ennium.“
1292 2411 1448 2463 Quibus
1478 2411 1615 2450 verbis
1658 2417 1698 2449 et
1727 2411 1783 2449 M.
1812 2407 2033 2449 Nobilioris
2065 2416 2106 2449 et
2135 2410 2187 2462 Q.
2219 2411 2346 2450 Ennii
2385 2412 2514 2451 laesio
2553 2414 2671 2454 inest.

288 2482 410 2535 Quod
436 2496 533 2524 vero
565 2483 667 2523 Cato
696 2483 742 2524 P.
768 2482 957 2523 Cornelio
980 2466 1158 2536 Scipioni
1186 2497 1268 2522 non
1296 2482 1405 2522 idem
1434 2482 1543 2535 quod
1563 2482 1619 2521 M.
1638 2482 1786 2521 Fulvio
1810 2481 2011 2522 Nobiliori
2040 2481 2232 2534 probrum
2261 2483 2421 2532 obiecit,
2452 2490 2497 2523 ut
2525 2498 2674 2525 novum

288 2561 569 2606 argumentum
598 2556 768 2605 accedit,
799 2569 878 2610 quo
910 2557 1058 2596 corruit
1085 2556 1158 2595 illa
1187 2555 1413 2604 sententia,
1446 2566 1527 2607 qua
1554 2554 1710 2592 Ennius
1740 2554 1972 2606 Scipionem
2002 2560 2043 2593 et
2072 2555 2115 2594 in
2145 2554 2393 2607 Hispaniam
2423 2562 2463 2596 et
2492 2556 2535 2595 in
2563 2556 2672 2596 Afri-

322 2695 354 2738 1)
392 2696 483 2731 Gell.
499 2696 617 2736 XI,2:
646 2697 827 2738 „poeticae
853 2697 938 2730 artis
964 2696 1073 2730 honos
1099 2706 1169 2729 non
1193 2699 1287 2736 erat3
1311 2695 1355 2728 si·
1367 2695 1445 2737 quis
1471 2694 1506 2726 in
1532 2703 1575 2725 ea
1599 2702 1637 2725 re
1662 2691 1828 2726 studebat
1852 2698 1915 2728 aut
1938 2705 2018 2729 sese
2043 2693 2090 2729 ad
2109 2696 2276 2730 convivia
2291 2695 2507 2740 applicabat,
2532 2706 2674 2741 grassa·

386 2756 443 2787 tor
466 2755 696 2789 vocabatur-‚⁴⁴

311 2810 347 2852 2)
378 2809 471 2846 Geli.
485 2812 602 2852 xvn,
619 2813 678 2848 1‘1:
707 2813 864 2855 „Ennius
891 2814 960 2846 tria
983 2812 1091 2846 corda
1114 2812 1245 2845 habere
1268 2820 1349 2844 sese
1373 2810 1526 2850 dicebat,
1551 2808 1645 2852 quod
1669 2808 1767 2851 loqui
1792 2808 1931 2843 Graece
1958 2812 1994 2842 et
2019 2809 2113 2843 Osce
2137 2813 2175 2843 et
2197 2810 2327 2844 Latine
2351 2810 2473 2846 sciret.

310 2867 347 2910 3)
382 2866 458 2903 Cic.
482 2879 546 2912 pro
570 2870 675 2905 Δηὼ.
701 2870 737 2908 8.

311 2922 350 2966 4)
381 2924 471 2968 Nep.
500 2925 578 2964 cat„
604 2938 635 2964 c.
653 2927 692 2961 1:
719 2927 890 2971 ¹,Praetor
914 2927 1032 2973 (Cato)
1054 2928 1274 2972 provinciam
1298 2925 1454 2958 obtinuit
1476 2923 1697 2965 Sardiniam,
1723 2933 1767 2956 ex
1791 2934 1883 2966 qua,
1908 2928 2076 2967 quaestor
2099 2926 2281 2967 superiore
2305 2927 2465 2967 tempore
2490 2934 2536 2957 ex
2557 2924 2680 2958 Africa

382 2982 578 3027 decedens,
612 2986 656 3026 Q.
682 2986 838 3020 Ennium
862 2992 1001 3031 poetam
1025 2987 1238 3025 deduxerat,
1274 2982 1369 3026 quod
1400 2992 1472 3016 non
1504 2982 1649 3015 minoris
1674 2982 1905 3016 aestimamus
1931 2992 2037 3026 quam
2061 2982 2256 3026 quemlibet
2280 2981 2535 3027 amplissimum
2559 2982 2680 3017 Sardi-

384 3041 541 3076 niemem
565 3042 813 3088 triumphum.“

318 3095 355 3139 5)
390 3096 535 3137 Tuscul.
560 3100 590 3144 1,
615 3102 648 3138 2.
