3043 3532
1300 145 1602 195 -4-

256 282 345 309 cam
384 268 495 308 illius
539 268 683 319 „lateri
717 268 917 309 haerens⁸⁸
960 267 1170 308 comitatus
1200 280 1291 309 esse
1319 274 1443 322 atque
1485 270 1654 320 „Martia
1681 269 1821 310 lauro‘
1865 275 2030 311 ornatus
2059 269 2261 324 Scipionis
2289 269 2493 324 triumpho
2522 270 2647 313 inter·

255 340 386 380 fuisse
422 340 651 394 fingitur¹).
710 340 799 380 Imo
839 352 938 380 vero
979 338 1087 392 quod
1125 339 1178 379 de
1205 339 1261 380 M.
1290 339 1439 380 Fulvio
1467 340 1682 382 Nobiliore
1720 346 1877 382 constat
1904 341 2133 393 posteriore
2171 347 2306 385 aetate
2334 341 2387 384 ad
2415 341 2651 406 Squionem

255 410 498 451 transsatum
536 425 629 452 esse
665 411 840 453 videtur.
906 411 1131 450 Praeterea
1166 423 1220 450 ex
1258 411 1395 451 verbis
1435 411 1718 453 Ciceronianis
1754 412 1944 453 Ennium-
1971 411 2129 455 Catone
2166 419 2359 467 praeto
2373 427 2431 456 re
2471 412 2652 456 Sardi-

256 484 434 524 niensi
460 484 716 525 familiariter
743 498 858 524 usum
887 497 969 522 non
998 494 1090 521 esse
1119 483 1395 535 intellegimus
1409 513 1421 534 ,
1449 484 1599 524 nedum
1627 484 1694 524 hic
1724 484 1776 524 ab
1804 484 1876 524 illo
1904 484 2050 525 litteris
2080 484 2253 526 Graecis
2282 486 2575 536 institueretur,
2605 485 2651 526 id

257 554 369 608 quod
403 555 510 596 falso
547 558 666 595 affert
705 555 895 595 Aurelius
933 554 1076 593 Victor
1088 553 1134 608 ²).
1193 554 1307 606 Quid
1345 556 1482 595 enim?
1539 556 1647 595 Num
1686 555 1881 596 Catonem
1909 556 1966 598 M.
1995 556 2200 596 Nobiliori
2239 557 2401 597 crimini
2439 570 2652 599 versurum
2721 569 2728 574 ²

256 627 387 668 fuisse
416 634 558 681 putas,
589 625 696 680 quod
724 628 768 666 in
796 628 929 679 ipsum
958 639 1106 667 novem
1135 627 1251 666 annis
1281 633 1377 667 ante
1405 627 1603 668 valuisset
1618 627 1665 680 ³).
1721 618 1795 667 Sin
1826 626 1971 668 Cicero
2003 627 2110 681 (Cat.
2133 629 2228 669 mai.
2253 642 2287 669 c.
2310 627 2355 683 5)
2386 628 2583 668 Catonem
2612 629 2653 667 in

258 698 386 740 Ennii
412 700 559 739 mortui
586 699 967 739 commemoratione
994 698 1216 739 honorifice
1245 700 1456 751 amiceque
1483 699 1583 739 facit
1611 706 1862 747 versantem,
1904 699 1997 748 ille,
2042 713 2141 753 quas
2171 700 2396 740 simultates
2427 700 2531 740 Cato
2561 713 2652 740 cum

255 770 395 826 Ennio
434 777 557 823 poeta
594 770 827 820 habuisset,
865 785 949 810 non
986 771 1083 811 satis
1122 769 1341 822 diligenter
1368 771 1635 822 perpendisse
1675 770 1837 811 videtur
1850 770 1899 821 ⁴).
1956 771 2129 811 Praeter
2159 771 2359 811 Catonem
2401 778 2561 820 autem,
2603 770 2656 810 ad

261 841 464 903 quoddam
492 841 658 896 quidem
686 848 847 896 tempus
876 842 1013 883 Ennio
1042 841 1271 891 faventem,
1303 842 1351 885 P.
1377 840 1611 883 Cornelium
1640 840 1893 894 Scipionem,
1922 841 2167 883 Hannibalis
2196 842 2443 897 perditorem
2474 842 2654 896 celeber-

258 915 403 953 rimum
415 914 462 968 ⁸),
502 915 560 957 Μ.
586 914 780 956 mvim
808 914 1063 955 Nobiliorem
1075 913 1123 968 ⁰),
1163 927 1334 968 quorum
1370 914 1548 954 virorum
1586 914 1668 954 iam
1706 926 1832 968 supra
1868 914 2116 956 mentionem
2145 913 2337 965 fecimus,
2375 914 2582 956 accedunt
2611 921 2657 956 ut

259 986 385 1024 En'nii
414 986 594 1025 fautores
622 986 929 1038 familiaresque
955 985 1003 1025 P.
1035 986 1175 1039 Scipio
1205 986 1378 1034 Nasica,
1420 987 1660 1039 cognomine
1695 985 1963 1036 „Corculum
1980 986 2042 1041 ⁷);
2083 987 2135 1028 Τ.
2164 986 2358 1040 Quintius
2385 986 2654 1036 Flamininus,

259 1058 432 1096 victoria
459 1057 570 1110 apud
600 1058 936 1109 Cynoscephalas
966 1057 1018 1095 de
1045 1057 1342 1096 Macedonibus
1372 1063 1583 1108 reportata
1611 1057 1804 1107 illustris;
1835 1057 1885 1110 Q.
1905 1054 2077 1098 Fulvius
2096 1057 2294 1107 Nobilior,
2323 1058 2453 1098 Marci
2481 1058 2601 1107 filius,
2633 1071 2658 1097 a

262 1141 343 1180 quo
372 1129 534 1167 Ennius
565 1143 672 1167 anno
702 1130 848 1168 aetatis
879 1129 1217 1181 quinquagesimo
1248 1129 1388 1179 quinto
1420 1129 1586 1166 civitate
1617 1128 1787 1167 donatus
1818 1135 1880 1166 est
1892 1128 1949 1182 ⁸);
1979 1129 2153 1181 denique
2183 1129 2262 1167 duo
2291 1129 2473 1181 insignes
2492 1129 2658 1181 plebeii,

261 1199 311 1238 L.
343 1197 547 1238 Caecilius
577 1200 736 1239 Denter
767 1205 810 1239 ct
836 1200 893 1240 M.
923 1199 1129 1240 Caecilius
1160 1200 1318 1238 Denter
1329 1199 1383 1249 ⁹),
1424 1212 1594 1250 quorum
1622 1199 1726 1238 alter
1756 1199 1809 1251 (a.
1838 1200 1887 1239 U.
1912 1200 2012 1252 572)
2052 1206 2216 1252 praetor
2253 1201 2295 1238 in
2326 1200 2469 1238 Sicilia
2498 1199 2657 1249 fuit¹⁰),

246 1265 372 1309 'alter
399 1282 507 1315 unua
535 1283 587 1310 ex
617 1270 699 1314 illis
730 1271 909 1326 quinque
937 1270 1110 1323 legatis,
1141 1272 1210 1324 qui
1240 1273 1294 1322 (a.
1312 1271 1411 1322 581)
1442 1269 1492 1309 ad
1520 1270 1715 1309 Perseum
1746 1277 1786 1309 et
1815 1271 2092 1312 Ptolemaeum
2123 1283 2244 1323 reges
2272 1271 2384 1310 missi
2414 1270 2586 1320 sunt¹').

289 1391 325 1436 1)
358 1390 545 1428 claudian.
569 1391 627 1427 De
650 1403 723 1430 sec.
751 1392 886 1428 consul.
909 1392 1194 1431 Stilich.1’raef.
1219 1393 1264 1431 V.
1289 1392 1312 1428 '7
1336 1403 1414 1437 sqq.

289 1448 327 1494 u)
357 1451 414 1484 De
437 1452 527 1485 viris
551 1452 680 1488 illustr.
705 1461 741 1487 n.
765 1453 835 1489 47:
874 1452 1071 1495 „Quaestor
1101 1452 1168 1485 sub
1201 1451 1366 1495 Scipione
1400 1451 1632 1492 fortissimus,
1667 1453 1808 1516 praetor
1832 1450 2046 1486 iustissimus
2071 1451 2157 1493 fuit3
2190 1453 2227 1485 in
2264 1456 2431 1495 praetura
2454 1452 2654 1486 Sardiniam

357 1509 517 1552 subegit,
540 1509 602 1547 ubi
622 1510 672 1544 eb
695 1510 815 1547 Ennio
839 1511 988 1546 Graecis
1012 1510 1141 1543 litteris
1166 1510 1362 1546 institutus.
1365 1509 1382 1528 ⁸

288 1567 326 1668 δί
355 1566 436 1657 lefl
458 1567 587 1659 Ritger.
611 1567 771 1614 824th&
797 1568 821 1613 f
852 1567 1065 1613 ἳῐῐιετιῆΰιυ.
1091 1578 1124 1603 a.
1155 1567 1260 1608 1840,
1284 1578 1319 1610 p.
1347 1566 1428 1602 372.

288 1625 310 1657 4
370 1650 379 1660 .
405 1634 437 1659 a.
462 1634 497 1668 p.
548 1625 607 1660 81.

288 1682 326 1723 5)
361 1682 516 1715 Ennium
540 1682 768 1725 Scipionibus
792 1684 902 1716 fuisse
927 1685 1154 1717 carissimum
1179 1683 1262 1714 inde
1287 1683 1402 1714 conici
1426 1683 1545 1723 potest
1570 1681 1663 1724 quod
1688 1685 1815 1723 poetae
1841 1681 1878 1713 in
1894 1680 2056 1723 sepulcro
2074 1682 2278 1723 Scipionum
2303 1686 2423 1715 statua
2447 1684 2565 1726 posita
2582 1694 2659 1717 esse

359 1740 566 1782 putabatur,
616 1739 689 1775 051.
714 1740 788 1776 cic.
807 1752 860 1784 pr.
888 1742 996 1779 Arch.
1022 1742 1062 1777 9:
1094 1740 1227 1783 „Carus
1252 1739 1321 1772 fuit
1345 1739 1514 1772 Africano
1541 1739 1717 1781 superiori
1743 1742 1863 1771 noster
1886 1738 2037 1779 Ennius3
2062 1740 2182 1781 itaque
2207 1740 2244 1771 in
2268 1739 2431 1781 sepulcro
2456 1741 2660 1782 Scipionum

357 1800 503 1840 subtus
524 1798 557 1832 is
581 1808 662 1833 esse
685 1800 901 1833 constitutus
926 1809 948 1833 e
971 1808 1156 1834 marmore.
1205 1798 1287 1833 Liv,
1308 1796 1516 1838 XXXVlII,
1539 1796 1604 1830 56:
1644 1796 1713 1838 „Et
1737 1796 1871 1829 Romae
1897 1798 2160 1839 extra,p.ortam
2186 1795 2367 1839 Capenam
2392 1798 2428 1830 in
2453 1797 2659 1840 Scipionum

359 1859 586 1897 monumento
623 1859 696 1890 tres
733 1860 885 1895 statuae.
911 1861 1016 1903 sunt,
1053 1865 1201 1901 quarum
1237 1855 1328 1889 duae
1359 1854 1403 1896 Ρ.
1433 1858 1470 1888 et
1497 1854 1541 1891 L.
1572 1854 1773 1896 Scipionum
1814 1853 1977 1887 dicuntur
2010 1863 2106 1895 esse,
2143 1855 2253 1887 tertia
2280 1858 2407 1898 poetae
2436 1855 2481 1896 Q.
2516 1856 2658 1894 Ennii.ss

368 1913 462 1947 Plin.
486 1906 571 1954 vn,
594 1914 663 1949 312
703 1915 829 1959 „Prior
853 1915 1040 1948 Africanus
1066 1915 1109 1958 Q.
1135 1911 1244 1945 Ennii
1269 1916 1424 1945 statuam
1448 1912 1610 1955 sepulcro
1635 1922 1699 1945 suo
1725 1913 1857 1955 imponi
1881 1912 2005 1952 iussit,
2031 1912 2235 1956 clarumque
2259 1912 2347 1945 illud
2373 1907 2520 1955 nomen,
2555 1915 2659 1949 immo

362 1981 448 2003 vero
473 1972 628 2013 spolium
654 1983 698 2004 ex
723 1973 831 2007 tertia
855 1972 950 2007 orbis
981 1978 1083 2015 parte
1098 1970 1100 1974 ’
1116 1975 1255 2013 raptum
1287 1973 1323 2003 in
1348 1972 1466 2003 cinere
1492 1980 1656 2011 supremo
1681 1981 1760 2002 cum
1791 1974 1919 2012 poetae
1944 1969 2047 2002 titulo
2073 1970 2180 2012 logi.“
2231 1971 2333 2009 Quod
2359 1975 2483 2003 contra
2508 1972 2660 2015 legimus

369 2028 463 2071 apud
487 2028 678 2064 Eusebium
692 2040 726 2066 n.
746 2031 856 2067 1840:
886 2031 1047 2074 „Ennius
1071 2033 1178 2073 poeta
1202 2030 1477 2072 septuagenario
1502 2028 1614 2061 maior
1639 2027 1822 2061 articulari
1847 2028 1968 2061 morbo
1993 2028 2109 2070 periit,
2136 2027 2296 2070 sepultus
2320 2030 2357 2062 in
2384 2029 2562 2072 Scipionis
2588 2042 2662 2063 mo-

362 2091 551 2129 numento,
584 2089 644 2122 via
675 2088 809 2132 Appia,
844 2089 943 2123 iutra
972 2083 1124 2133 primum
1156 2087 1203 2122 ab
1228 2087 1325 2122 Urbe
1357 2085 1574 2122 milliarium.
1633 2085 1784 2127 Quidam
1817 2095 1902 2120 ossa
1932 2086 2008 2120 eius
2043 2085 2195 2120 Rudiam
2227 2097 2271 2120 ex
2296 2087 2457 2122 Ianiculo
2482 2089 2661 2124 translata

361 2146 573 2191 001'1301'11113118.,‘¹
624 2148 879 2190 ffieronymum
903 2152 1022 2184 autem
1046 2150 1118 2190 (ap.
1134 2146 1281 2190 Eus'eb.)
1304 2147 1456 2179 Ennium
1482 2147 1521 2178 in
1545 2146 1748 2188 Scipionum
1775 2148 2001 2177 monumento
2026 2145 2202 2188 sepultum
2225 2156 2306 2179 esse
2331 2151 2660 2195 commemorantem

364 2214 502 2239 errasse
523 2205 715 2246 Ciceronis,
740 2207 856 2248 Livii,
877 2206 983 2244 Plinii
1002 2206 1195 2240 testimonii
1214 2206 1350 2238 ratione
1367 2204 1491 2237 habita
1509 2204 1575 2236 tibi
1590 2214 1800 2246 persuasum
1821 2201 1966 2237 habeas.
1993 2203 2065 2238 Cfs.
2080 2204 2212 2239 Ber-uh.
2226 2204 2327 2240 ὃῖὖιη.
2341 2205 2490 2247 simu,
2505 2216 2538 2249 p.
2555 2207 2636 2241 409.

293 2264 329 2304 6)
362 2262 468 2297 Hunc
492 2269 600 2307 pocta
625 2265 661 2298 in
685 2265 863 2298 Aetoliam
890 2267 1080 2298 comitatus
1104 2266 1223 2307 poesis
1249 2274 1358 2297 sensu
1384 2263 1573 2306 studioque
1598 2263 1734 2297 imbuit.
1762 2261 1835 2297 Cfs
1861 2260 1935 2295 Cic.
1961 2272 2013 2303 pr
2039 2262 2142 2298 Arch
2172 2264 2236 2296 11.
2264 2264 2362 2304 „lam
2386 2274 2470 2297 vero
2496 2264 2576 2304 ille,
2602 2266 2662 2307 qui

366 2332 447 2355 cum
471 2323 607 2356 Aetolis
633 2323 750 2357 Ennio
775 2324 902 2357 comite
928 2323 1084 2365 bellavit,
1108 2322 1257 2356 Fulvius
1283 2333 1353 2355 non
1378 2320 1461 2355 dubi
1464 2321 1555 2354 tavit
1577 2321 1703 2354 Martis
1729 2318 1914 2352 manubias
1939 2318 2051 2352 Musis
2076 2321 2321 2356 consecrare·¹

295 2379 330 2421 7)
362 2379 418 2413 De
442 2380 609 2424 Scipione
634 2382 767 2416 Nasica
792 2385 827 2415 et
851 2382 967 2415 Ennio
994 2382 1119 2415 Cicero
1146 2381 1214 2426 (De
1241 2384 1328 2416 orat.
1354 2380 1403 2422 11,
1427 2379 1486 2421 68,
1512 2380 1595 2423 276)
1621 2378 1711 2412 haec
1734 2376 1851 2421 lepide
1879 2380 2017 2410 narrat·
2045 2377 2136 2420 ¹,Qui
2162 2377 2321 2422 (Nasica)
2347 2388 2426 2412 cum
2452 2379 2497 2413 ad
2521 2384 2662 2422 poetam

363 2438 520 2472 Ennium
543 2441 714 2480 venisset,
740 2442 843 2482 eique
869 2441 914 2473 ab
940 2441 1041 2473 Ostio
1067 2440 1251 2482 quaerenti
1275 2439 1427 2471 Ennium
1453 2438 1585 2470 ancilla
1609 2437 1759 2469 dixisset
1784 2436 1878 2467 domi
1903 2445 1974 2466 non
1995 2446 2085 2475 esse,
2110 2436 2244 2468 Nasica
2268 2437 2381 2469 sensit
2404 2437 2504 2469 illam
2530 2437 2661 2469 domini

363 2496 463 2529 iussu
495 2495 628 2530 dixisse
663 2500 700 2530 et
730 2496 830 2532 illum
864 2498 958 2531 intus
991 2508 1080 2532 esse.
1137 2498 1266 2530 Paucis
1301 2500 1381 2538 post
1415 2496 1540 2530 diebus
1575 2505 1655 2527 cum
1688 2494 1732 2525 ad
1765 2493 1932 2526 Nasicam
1964 2494 2122 2526 venisset
2153 2494 2308 2534 Ennius,
2343 2499 2379 2527 ct
2404 2505 2483 2528 cum
2508 2506 2531 2528 a
2554 2497 2664 2528 ianua

363 2557 560 2597 quaereret,
592 2554 768 2590 exclamat
792 2555 925 2589 Nasica
950 2566 989 2589 se
1015 2555 1196 2589 dominon
1213 2554 1322 2590 esse.“
1363 2554 1455 2587 Tum
1484 2553 1622 2587 Ennius
1651 2551 1784 2595 „quidi’
1811 2562 1877 2594 ego
1904 2561 1974 2583 non
1999 2561 2173 2594 cognosco
2199 2561 2339 2593 vocem,
2364 2553 2492 2595 inquit,
2517 2553 2663 2585 tuam?“

363 2611 434 2645 Hic
458 2612 608 2647 Nasica:
644 2612 781 2655 „Homo
815 2624 853 2647 es
887 2614 1093 2657 impudens3
1128 2624 1215 2657 ego,
1249 2624 1329 2646 cum
1354 2617 1389 2645 tc
1416 2622 1642 2655 quaererem,
1669 2609 1821 2643 ancillae
1847 2613 1930 2641 tuae
1957 2605 2090 2641 credidi
2116 2613 2151 2642 te
2177 2608 2271 2642 domi
2296 2620 2367 2643 non
2393 2622 2489 2652 esse,
2514 2615 2553 2644 tu
2578 2610 2662 2643 mihi

363 2680 434 2702 non
459 2670 574 2703 credis
598 2672 666 2713 ipsi
676 2672 714 2704 *θ’
765 2672 902 2711 Quibus
928 2673 1045 2705 verbis
1070 2674 1231 2711 minime,
1257 2675 1296 2704 ut
1322 2671 1479 2704 Ritterus
1505 2670 1542 2711 (1.
1558 2681 1589 2726 a:
1603 2680 1637 2711 p.
1656 2668 1739 2709 378)
1765 2667 1852 2707 vult,
1878 2667 1997 2709 Scipio
2023 2667 2157 2700 Nasica
2180 2668 2332 2700 Ennium
2357 2679 2483 2710 aspere
2508 2673 2663 2701 tractare

364 2726 491 2763 solitus
513 2737 596 2761 esse
619 2727 852 2770 significatur.
1145 2738 1148 2741 ’

294 2784 331 2827 8)
365 2784 438 2820 Cic.
455 2786 555 2822 Brut.
571 2796 600 2821 c.
619 2788 682 2822 20:
711 2788 776 2829 „.Q
802 2789 1026 2831 nobiliorem,
1051 2790 1101 2825 M.
1126 2790 1190 2829 R,
1215 2791 1286 2821 iam
1310 2790 1426 2830 patrio
1452 2787 1615 2820 instituto
1641 2785 1797 2816 deditum
1823 2783 1943 2815 studio
1969 2783 2184 2826 litterarum,
2210 2787 2269 2826 qui
2295 2786 2401 2818 etiam
2426 2786 2469 2823 Q.
2496 2784 2663 2823 Ennium,

369 2844 431 2888 qui
456 2854 537 2878 cum
561 2848 663 2888 patre
690 2847 765 2880 eius
790 2847 827 2879 in
851 2846 993 2881 Aetolia
1016 2848 1235 2889 militaverit,
1261 2848 1406 2880 civitate
1431 2846 1589 2884 donavit,
1615 2854 1692 2877 cum
1720 2843 1881 2875 triumvir
1906 2841 2082 2874 coloniam
2105 2842 2344 2878 deduxisset!
2433 2877 2439 2883 ,

292 2901 330 2946 9)
363 2901 455 2937 Plin.
475 2902 518 2939 N.
543 2902 590 2938 Η.
606 2903 689 2945 V,II
709 2903 770 2938 2¹7:
805 2905 870 2949 „Q.
896 2906 1031 2942 Ennius
1055 2907 1098 2945 L.
1125 2906 1319 2941 Caecilium
1343 2904 1515 2940 Dentrem
1540 2902 1754 2945 fratremque
1780 2900 1856 2934 eius
1883 2900 2073 2943 praecipue
2099 2901 2247 2936 miratus
2272 2904 2416 2944 propter
2442 2910 2502 2935 eos
2527 2903 2665 2934 sextum

321 2966 324 2969 ⁴
364 2961 542 2994 decimum
557 2962 728 2995 Annalem
756 2964 919 3000 adiecit.⁴¹
958 2965 1016 2998 Ex
1042 2966 1170 3009 quibus
1195 2966 1315 2998 verbis
1339 2964 1494 2997 Ennium
1520 2971 1599 2995 cum
1625 2962 1666 2994 L
1685 2958 1842 2993 Caecilio
1860 2957 1994 2991 Dentre
2020 2959 2167 3001 eiusque
2192 2959 2300 2993 fratre
2325 2958 2485 2991 amicitia
2509 2958 2666 2991 iunctum

364 3029 446 3054 em
469 3021 557 3054 satis
583 3021 787 3064 probabiter
812 3024 974 3059 conicere
996 3035 1197 3068 possumus.

273 3077 330 3120 10)
361 3077 442 3116 Liv.
469 3078 636 3121 XXXIX,
662 3080 728 3122 563
754 3080 831 3121 XL,
860 3085 889 3118 1.

273 3133 330 3179 11)
361 3135 441 3173 Liv.
466 3136 582 3180 XLII,
609 3137 643 3173 6.
