3043 3532
1392 57 1726 110 ...13-

363 182 481 235 (Ter.
501 181 583 226 Ad.
607 183 659 234 V,
683 185 720 233 7,
745 183 814 236 2)⁰
828 184 866 236 ¹)
904 183 1191 237 pronuntiasse
1230 182 1569 224 existimarentur.
1629 181 1724 235 Qua
1750 181 1956 222 sententia
1982 180 2174 235 probata,
2213 195 2333 237 quam
2360 184 2450 238 quis
2480 189 2544 225 est
2569 184 2641 238 qui
2667 189 2750 224 nou

363 253 524 307 probet,
564 255 608 295 in
638 256 823 296 confiniis
853 254 1015 296 illorum
1042 254 1336 297 vocabulorum
1366 267 1467 295 sane
1495 268 1577 294 non
1606 253 1785 294 admissa
1813 259 1876 294 est
1902 253 2117 308 positionis
2145 254 2231 304 vis,
2270 254 2345 295 sed
2372 255 2438 296 vis
2467 267 2549 297 non
2578 254 2755 296 admissa

365 331 441 375 est,
482 327 592 381 quod
620 312 772 381 positio
802 328 964 374 omniuo
994 340 1078 368 non
1107 326 1309 367 exstabat.
1367 326 1486 378 Quae
1516 339 1607 365 cum
1636 326 1694 365 ita
1722 325 1816 375 sint,
1856 325 2070 366 Bitschelii
2100 326 2322 376 sententia,
2365 340 2447 381 qua
2478 355 2497 377 „
2513 327 2653 368 enim
2680 333 2758 376 tu,

365 398 578 452 quidem
605 404 739 440 non·⁸
781 400 862 440 alia
899 400 1047 439 similia
1074 399 1291 451 positionis
1319 399 1404 438 vim
1433 398 1669 450 neglexisse
1698 398 1870 449 negavit
1897 398 2048 448 (Pron.
2074 412 2112 452 p.
2134 399 2215 438 140
2236 397 2327 453 sq.),
2371 400 2603 440 etiamnunc
2629 399 2753 441 valet.

363 469 562 525 Idemque
601 472 739 511 nescio
779 485 830 510 an
866 471 1192 509 transferendum
1230 471 1284 508 sit
1312 469 1363 508 ad
1392 470 1658 521 positionem,
1700 482 1806 522 quae
1846 471 2047 509 communi
2077 470 2267 522 opinione
2294 471 2338 510 iu
2365 470 2510 511 mediis
2540 469 2751 513 vocabulis

364 544 431 592 fit,
472 557 562 582 cum
599 545 904 582 consonantium
941 543 1122 581 finalium
1152 544 1375 581 attenuatio
1404 543 1617 593 paullatim
1645 541 1699 580 ad
1728 540 1885 581 medias
1915 549 2186 582 consonantes
2215 541 2440 586 deflexerit.
2507 541 2630 595 Quod
2658 556 2752 595 pen-

366 618 473 657 tinet
502 616 553 657 ad
580 617 829 665 Ennium,
872 623 918 655 ut
944 616 996 656 ad
1024 618 1132 656 hunc
1159 630 1233 655 nos
1262 616 1511 664 referamus,
1553 607 1860 655 consonantium
1890 614 2069 655 finalium
2101 614 2350 665 debilitatio,
2393 613 2446 656 (le
2473 630 2557 669 qua
2583 615 2754 670 agimus,

365 689 497 728 nullas
526 689 647 735 alias,
687 689 764 727 nisi
792 701 855 736 m,
894 695 941 727 ut
976 703 1080 742 quae
1118 703 1347 729 consonans
1377 702 1521 728 vocem
1551 703 1576 727 a
1601 689 1735 727 vocali
1763 688 2030 738 incipientem
2059 689 2289 737 antecedat,
2328 688 2438 742 quod
2477 690 2622 729 vitium
2650 703 2753 729 nun·

365 775 484 814 quam
525 762 772 801 exstinctum
802 768 875 811 est,
918 768 958 802 et
987 775 1007 803 s
1036 761 1194 802 litteras
1224 761 1518 814 complectitur.
1575 760 1630 801 Et
1659 760 1712 800 de
1741 773 1761 802 s
1790 758 1955 814 quidem
1993 759 2130 800 littera
2168 774 2235 800 res
2263 760 2322 801 ita
2349 774 2394 802 se
2421 760 2555 811 habet,
2584 767 2631 802 ut
2659 761 2753 803 sub-

364 839 560 888 sequente
590 834 674 874 alia
703 841 954 875 consonante
985 835 1197 888 positionis
1228 835 1290 876 vis
1321 834 1441 874 modo
1472 832 1668 882 admissa,
1704 833 1823 873 modo
1852 832 2040 885 neglecta
2069 834 2121 873 sit
2149 833 2174 873 i.
2192 847 2227 876 e.
2256 845 2276 874 ι
2304 833 2441 873 littera
2467 833 2602 874 finalis
2630 833 2751 874 modo

362 906 523 956 valeat,
563 906 684 946 modo
725 920 808 947 non
847 906 999 949 valeat.
1056 906 1178 959 Quae
1215 907 1382 946 licentia
1421 919 1550 960 usque
1579 906 1632 945 ad
1662 905 1869 946 Ciceronis
1898 911 2074 945 aetatem
2103 905 2286 958 perrexit
2315 905 2421 958 (Cic.
2448 905 2518 945 Or.
2545 907 2611 955 48,
2639 907 2751 956 161).

362 977 466 1018 Inde
496 991 522 1017 a
550 992 631 1033 quo
661 985 845 1032 tempore
875 991 895 1020 s
922 979 1085 1019 finalem
1114 975 1155 1019 et
1187 985 1476 1018 consonantem
1507 979 1789 1032 insequentem
1826 991 1987 1030 semper
2014 978 2228 1030 positionis
2268 978 2350 1018 vim
2380 976 2565 1017 effecisse
2593 979 2635 1017 in
2664 978 2750 1019 vol·

364 1064 441 1102 gns
471 1057 642 1090 constat.
701 1052 823 1103 Quod
855 1059 1014 1105 spectat
1043 1053 1095 1091 ad
1125 1066 1144 1093 s
1173 1053 1349 1091 litteram
1378 1051 1563 1099 finalem,
1594 1051 1674 1089 iam
1703 1051 1898 1090 nonnulla
1928 1051 2116 1103 exempla
2145 1065 2197 1090 ex
2226 1051 2501 1090 Ennianorum
2530 1050 2753 1089 Annalium

362 1122 547 1174 reliquiis
576 1124 764 1175 afferam3
793 1137 873 1176 qua
901 1124 944 1162 in
975 1137 1020 1163 re
1048 1125 1106 1163 ita
1134 1123 1341 1170 versabor,
1371 1129 1417 1161 ut
1444 1122 1618 1173 primum
1647 1122 1744 1162 talia
1774 1123 1965 1175 exempla
1995 1135 2231 1174 congeram,
2263 1122 2306 1161 in
2334 1121 2478 1175 quibus
2509 1134 2529 1163 s
2551 1122 2683 1161 finalis
2714 1127 2753 1161 et

363 1194 616 1247 insequentis
647 1196 907 1235 consonantis
936 1195 1153 1248 positionis
1183 1195 1244 1236 vis
1276 1200 1466 1247 apparet:

629 1268 736 1307 Anu,
766 1281 805 1310 v.
838 1270 881 1310 11
911 1267 1056 1307 Musae
1086 1281 1190 1321 quae
1218 1266 1390 1320 pedibus
1419 1278 1609 1318 magnum

761 1353 800 1381 v.
835 1342 906 1380 17:
938 1339 1040 1381 Cum
1070 1346 1186 1381 veter
1215 1321 1437 1381 000ubuii‘
1429 1341 1614 1380 Priamus
1643 1340 1717 1380 sub
1747 1339 1877 1379 Marte

765 1425 804 1453 v.
833 1414 909 1452 29:
939 1412 1126 1466 Iuppiter
1156 1419 1200 1453 ut
1227 1426 1341 1452 muro
1370 1413 1498 1452 fretus
1527 1393 1657 1464 mag-‘is

766 1499 805 1526 v.
838 1487 936 1524 156:
967 1486 1167 1526 Tarcuini
1198 1485 1480 1555 corpusjona
1493 1466 1661 1526 *flemina

498 1555 586 1594 Iam
615 1556 914 1610 subsequantur
944 1557 1135 1610 exempla
1165 1558 1207 1597 in
1237 1557 1407 1598 alteram
1436 1562 1591 1610 partem
1621 1557 1825 1598 valentia:

630 1629 737 1671 Anu.
766 1644 806 1670 v.
837 1631 909 1670 10:
940 1629 1033 1681 Qua
1064 1629 1201 1683 parire
1232 1630 1336 1670 solet
1366 1644 1494 1682 genus
1524 1630 1659 1681 pinnis

764 1715 803 1741 v.
836 1704 909 1742 11:
939 1701 1035 1741 Non
1064 1702 1262 1742 animam:
1294 1709 1335 1742 et
1362 1710 1456 1755 post
1484 1684 1579 1743 i'r'sde
1608 1702 1721 1742 venit
1749 1701 1944 1743 divinitus
1975 1701 2096 1753 pullis

762 1787 801 1814 v.
832 1774 906 1813 36:
937 1773 1087 1814 Excita
1111 1787 1202 1814 cum
1227 1775 1410 1815 tremulis
1436 1789 1537 1816 anus
1563 1774 1697 1816 attulit
1720 1755 2071 1843 artubus-‘lumem

767 1858 806 1885 v.
840 1847 913 1885 39:
943 1845 1065 1886 Vires
1094 1846 1263 1900 vitaque
1294 1861 1439 1901 corpus
1469 1861 1602 1888 meum
1631 1860 1738 1887 nunc
1766 1846 1921 1887 deserit
1949 1860 2080 1889 omne.

765 1931 803 1959 v.
836 1919 912 1959 52:
941 1917 1025 1958 Vix
1051 1932 1174 1971 aegro
1203 1933 1292 1959 cum
1319 1902 1556 1962 cordessneo
1583 1933 1646 1960 me
1670 1932 1833 1959 somnus
1858 1918 2035 1973 reliquit.

835 1992 905 2029 78:
938 1991 1198 2030 Occiduntur.
1228 1992 1297 2031 ubi
1325 1995 1479 2046 potitur
1507 1999 1617 2032 ratus
1647 1975 2066 2064 RomuluZpraedam

834 2064 908 2100 86:
940 2064 1136 2102 Omnibus
1132 2077 1262 2134 sura
1288 2067 1388 2105 viris
1607 2048 1660 2064 V

763 2003 802 2247 5555

835 2136 933 2173 130:
963 2164 1000 2175 ..
1019 2165 1029 2174 .
1058 2138 1248 2189 quianam
1276 2138 1460 2190 legiones
1491 2137 1842 2207 caedimusvferro

835 2209 935 2246 132:
966 2208 1021 2246 Et
1049 2210 1166 2247 simul
1196 2212 1349 2261 effugit,
1382 2224 1521 2262 speres
1552 2212 1610 2248 ita
1640 2211 1823 2249 funditus
1854 2217 2030 2257 nostras,
2063 2224 2096 2249 e.
2113 2224 2151 2262 q.
2170 2223 2200 2249 8.

498 2279 633 2318 Aliam
675 2285 812 2319 autem
851 2280 1060 2320 licentiam
1098 2282 1380 2332 prosodiacam
1422 2284 1464 2322 in
1506 2297 1625 2323 omne
1664 2263 1870 2336 posterffi
1909 2289 2068 2334 tempus
2108 2282 2313 2322 valentem
2342 2279 2496 2322 Ennius
2530 2295 2555 2320 a
2585 2280 2762 2322 Graecis

363 2352 519 2405 recepit
558 2366 730 2406 eamque
769 2366 817 2393 eo
856 2359 1134 2406 spectantem,
1175 2354 1281 2408 quod
1319 2355 1457 2397 brevis
1498 2356 1655 2395 vocalis
1686 2362 1781 2395 ante
1812 2361 1960 2395 mutam
1995 2368 2084 2395 cum
2114 2354 2273 2408 liquida
2305 2360 2345 2394 et
2376 2360 2562 2408 correpta
2593 2360 2635 2395 et
2661 2369 2753 2409 pro-

363 2425 484 2465 ducta
524 2439 613 2466 esse
641 2432 788 2478 potest,
827 2426 870 2465 id
900 2427 1009 2479 quod
1038 2440 1062 2466 a
1092 2430 1220 2467 veteri
1251 2429 1366 2481 poesi
1396 2429 1636 2468 Latinorum
1677 2427 1967 2468 alienissimum
1998 2434 2060 2468 est
2075 2430 2122 2478 ²).
2182 2427 2314 2466 Huius
2355 2434 2490 2468 autem
2527 2428 2760 2482 positionis,

363 2512 483 2550 quam
514 2499 768 2548 grammatici
796 2499 936 2539 dicunt
965 2499 1158 2548 debilem,
1200 2515 1330 2552 pauca
1360 2502 1551 2553 exempla
1582 2514 1635 2541 ex
1665 2502 1854 2541 Enniana
1884 2503 1999 2553 poesi
2028 2502 2159 2553 petita
2190 2502 2356 2539 afferam
2398 2507 2439 2540 et
2468 2501 2639 2553 primum
2672 2501 2762 2553 qui-

363 2570 453 2609 dem
487 2571 684 2610 eiusmodi
714 2571 925 2623 exempla,
958 2573 1000 2610 in
1031 2574 1179 2625 quibus
1211 2574 1345 2613 brevis
1376 2574 1530 2614 vocalis
1560 2579 1656 2613 aute
1685 2582 1835 2613 mutam
1867 2587 1956 2612 cum
1985 2573 2142 2625 liquida
2174 2579 2357 2624 correpta
2388 2571 2469 2614 est:

630 2644 737 2684 Ann.
767 2658 805 2684 V.
837 2646 937 2683 107:
967 2645 1198 2685 Maerentes
1227 2647 1371 2685 flentes
1405 2647 1764 2687 lacrimantes

764 2730 802 2756 v-
834 2720 936 2759 144:
965 2747 1136 2761 .......
1166 2720 1180 2757 i
1210 2719 1430 2760 caerula
1458 2727 1616 2772 prata

761 2797 799 2822 v.
834 2787 934 2823 158:
965 2786 1021 2824 Et
1049 2787 1118 2838 qui
1147 2795 1288 2826 sextus
1320 2795 1408 2826 erat
1436 2788 1590 2826 Romae
1619 2801 1794 2837 regnare
1824 2787 2118 2838 qufidratae

697 2907 703 2909 .
752 2866 804 2893 ‘v.
833 2852 934 2891 219:
965 2852 1023 2892 Ut
1050 2854 1222 2906 primum
1251 2854 1499 2896 tenebris
1530 2854 1699 2894 abiectis

762 2933 799 2959 v.
830 2920 931 2958 237:
963 2920 1151 2974 Denique
1178 2921 1220 2961 vi
1252 2935 1398 2973 magna
1429 2920 1733 2974 quadrupes
1765 2935 1890 2974 eques

389 3011 422 3052 1)
457 3010 575 3044 Corss.
601 3010 649 3051 11,
678 3011 756 3045 104.

387 3070 423 3113 2)
457 3069 528 3105 css.
554 3067 689 3104 thsch.
714 3068 819 3106 ΡιοΠ.
844 3080 879 3114 p.
909 3069 987 3105 128.
