3043 3532
1302 180 1603 229 ..5.-

390 301 514 357 Quod
550 303 700 345 attinet
735 301 793 344 ad
825 302 953 344 Ennii
991 301 1169 353 studium
1197 303 1420 354 poeticum,
1443 327 1451 331 ⁷.
1462 308 1587 354 poeta
1615 301 1850 341 comicus
1882 300 1976 340 fere
2004 299 2117 339 nullo
2145 298 2224 339 fait
2250 311 2419 338 numero
2449 312 2497 338 ac
2524 295 2639 338 bre‘v‘i

257 374 394 419 desiit·
417 388 508 417 enm
534 373 685 418 Plauto
723 380 892 417 certare.
948 375 1093 419 Tzitm
1126 380 1292 415 tantum
1327 373 1628 414 comoediarum
1666 373 1822 413 indices
1849 370 2041 424 leviaque
2068 370 2299 423 fragmenta
2325 375 2504 419 restant,
2550 370 2643 410 dIco

261 445 641 498 „Ambracium
684 445 1073 500 Cupunculam,
1095 446 1542 489 -Pancratiastas.“
1604 445 1749 496 Longe
1777 449 1914 485 auten
1941 442 2062 484 aliter
2088 441 2349 484 iudicandum
2377 448 2443 483 est
2470 440 2523 483 de
2548 448 2647 483 tra·

257 518 489 573 goediis,
520 519 564 559 in
593 531 673 572 quo
701 519 838 572 poesis
867 531 1020 572 genere
1047 518 1205 559 Ennius
1233 518 1449 572 plurimum
1476 517 1638 570 potuit·
1675 516 1811 570 Atque
1840 516 2017 556 maxime
2044 528 2135 555 sese
2162 510 2471 570 applicavit'ad
2498 514 2648 555 Euri·

258 590 456 644 pidem,
497 591 611 631 cuius
650 591 825 644 vestigia
862 596 1026 644 poetam
1063 590 1292 630 Romanum
1329 589 1374 630 in
1413 588 1666 638 „Hedea„
1697 587 1941 636 Hecuba,
1971 586 2302 640 Iphigenia“
2347 593 2528 628 secutum
2557 598 2649 628 esse

260 668 431 706 constat.
497 662 565 703 Ex
602 663 750 716 quibus
786 662 944 704 fabulis
977 662 1168 714 Medeam
1204 661 1403 703 Cicerone
1440 667 1546 702 teste
1560 660 1592 715 ')
1633 660 1687 700 ad
1724 660 1893 701 verbnm
1933 660 2147 713 expressit.
2205 658 2417 714 Quidquid
2458 671 2557 701 vero
2597 659 2650 700 de

261 735 433 787 sing-ulis
471 735 714 787 tragoediis,
755 749 923 788 quarum
966 748 1154 775 numerus
1183 741 1247 774 est
1275 734 1407 786 legio,
1453 733 1650 787 quidquid
1679 733 1732 772 de
1759 733 2014 782 saturis²)
2043 732 2264 780 Ennianis,
2304 731 2358 771 de
2387 731 2649 785 Scipione

266 807 337 858 qui
365 807 609 854 inscribitur,
650 807 759 859 quod
788 821 934 858 poema
961 813 1091 845 utrum
1122 806 1174 845 ad
1203 807 1365 858 epicum
1395 819 1525 857 genus
1555 818 1608 843 an
1637 804 1689 844 ad
1717 805 1945 844 scaenicum
1972 803 2232 842 referendum
2263 804 2316 841 sit
2345 804 2541 842 incertum
2572 794 2660 851 est,

263 878 315 917 de
344 878 469 917 Ennii
498 877 648 925 Sota,
678 893 702 918 a
730 878 883 918 Sotade
912 879 1041 927 dicta,
1070 884 1192 930 poeta
1219 877 1401 924 Graece,
1437 877 1570 929 „apud
1598 884 1759 916 veteres
1787 876 1991 915 acerrimis
2020 875 2175 914 salibus
2206 881 2248 914 et
2276 876 2382 914 iacta
2411 876 2454 914 in
2484 888 2646 915 omnem

267 949 497 1003 aequalium
527 950 768 1003 pravitatem
799 949 1062 991 cavillatione
1090 963 1170 1002 qua
1200 963 1254 989 ne
1283 962 1403 1000 reges
1433 949 1597 1002 quidem
1625 949 1862 1000 excipiebat
1885 949 2068 1000 insigni‘
2088 949 2147 1000 8);
2191 948 2389 1000 quidquid
2418 948 2470 987 de
2497 948 2651 988 Prae-

263 1021 440 1074 ceptis
478 1020 965 1074 Protreptieove⁴),
1010 1021 1060 1061 de
1103 1020 1522 1074 Hedypatbia⁸)‚
1551 1044 1605 1051 --
1634 1020 1710 1060 hac
1737 1020 2000 1071 inscriptione
2029 1019 2341 1071 Bernhardyum
2371 1026 2532 1059 secutus
2563 1032 2652 1059 sum

270 1113 317 1121 -
352 1093 464 1133 ouius
494 1092 587 1133 libri
617 1092 1044 1146 Ichthyologiae
1084 1093 1353 1144 fragmentum
1385 1093 1615 1132 etiamnunc
1645 1098 1801 1140 exstat,
1842 1092 2037 1144 quidquid
2067 1091 2120 1131 de
2147 1091 2397 1142 Epicharmo
2411 1091 2447 1143 ⁸)
2488 1098 2531 1131 et
2559 1091 2651 1131 Eu-

262 1163 526 1217 hemero⁷)
558 1163 651 1203 elici
680 1170 836 1216 potest,
867 1178 955 1204 cum
985 1164 1035 1204 ab
1066 1164 1159 1203 aliis
1187 1164 1285 1204 viris
1315 1153 1444 1203 doctis
1473 1168 1561 1204 tum*
1587 1175 1612 1201 a
1639 1162 1841 1202 Ribeckio
1871 1170 1913 1202 et
1944 1162 2130 1203 Vahleno
2162 1161 2341 1202 elicitum
2372 1162 2447 1204 est.

398 1235 673 1276 Veruntamen
703 1241 1007 1288 quantoquanto
1039 1248 1227 1275 successu
1250 1235 1408 1274 Ennius
1429 1235 1470 1272 iu
1492 1240 1580 1275 arte
1609 1235 1798 1274 scaenica
1826 1235 2062 1283 elaboravit,
2094 1248 2175 1275 non
2204 1240 2285 1274 tam
2315 1235 2511 1275 scaenica
2538 1235 2655 1287 poesi

269 1319 388 1359 quam
430 1306 547 1359 epica
589 1320 732 1346 nomen
764 1320 876 1346 suum
919 1307 972 1346 ad
1002 1303 1316 1346 immortalitatis
1344 1307 1581 1346 memoriam
1609 1306 1877 1347 consecravit.
1933 1306 2234 1346 Annalibus
2263 1306 2372 1346 enim
2401 1307 2504 1355 suis,
2544 1306 2653 1359 quod

270 1391 369 1430 epos
399 1378 541 1431 populi
569 1379 740 1418 Romani
767 1392 865 1419 vere
894 1380 1100 1431 proprium
1130 1381 1282 1420 tactum
1313 1385 1386 1428 est,
1418 1379 1590 1429 Ennius,
1622 1378 1663 1418 id
1687 1378 1793 1434 quod
1825 1379 1947 1419 enixe
1976 1378 2217 1431 expetierat,
2246 1384 2291 1418 ut
2316 1377 2421 1418 alter
2447 1378 2656 1419 Homerus

275 1452 573 1490 existimaretur
601 1458 808 1491 assecutus
831 1458 893 1489 cst
904 1451 950 1504 ⁷⁴).
1009 1453 1101 1503 Quo
1129 1457 1315 1504 poemate
1343 1465 1408 1491 res
1439 1451 1511 1491 illa
1539 1457 1674 1492 aetate
1703 1451 2027 1504 praeclarissime
2058 1458 2196 1503 gestas
2226 1450 2451 1490 celebravit
2481 1451 2658 1504 illosque

269 1534 442 1572 magnos
472 1523 606 1570 viros,
638 1536 804 1575 quorum
837 1524 1007 1572 gratiam
1037 1523 1445 1576 benevolentiamque
1473 1523 1649 1572 tenebat,
1681 1524 1846 1563 summis
1874 1523 2060 1563 laudibus
2091 1524 2319 1564 exornavit.

300 1625 332 1668 1)
372 1626 428 1659 De
450 1626 509 1662 fin.
526 1627 555 1667 1,
571 1627 658 1668 2,4:
689 1628 754 1669 „iis
781 1629 890 1670 igitur
919 1632 973 1661 est
998 1626 1175 1661 difficilius
1201 1628 1287 1661 satis
1314 1627 1449 1670 facere,
1474 1629 1535 1671 qui
1560 1638 1598 1661 se
1622 1629 1753 1661 Latina
1776 1629 1911 1671 scripta
1935 1628 2058 1662 dicunt
2082 1632 2315 1663 contemnere.
2367 1628 2410 1661 In
2436 1628 2563 1671 quibus
2588 1627 2659 1662 hoc

368 1687 516 1725 primum
543 1690 614 1724 est,
648 1687 684 1716 in
717 1696 784 1728 quo
819 1687 990 1725 admirer,
1025 1696 1087 1717 cur
1123 1688 1159 1717 in
1193 1687 1415 1728 gravissimis
1447 1686 1552 1719 rebus
1585 1696 1655 1718 non
1680 1686 1832 1719 delectet
1856 1696 1917 1719 eos
1942 1689 2078 1729 patrius
2104 1697 2238 1727 sermo,
2273 1696 2353 1718 cum
2378 1686 2485 1718 iidem
2509 1685 2660 1720 fabellas

364 1743 514 1775 Latinas
547 1742 592 1774 ad
625 1742 769 1775 verbum
794 1754 813 1776 e
839 1743 985 1776 Graecis
1021 1754 1209 1785 expressas
1242 1754 1312 1776 nou
1342 1745 1445 1776 inviti
1476 1744 1608 1786 legant.
1658 1745 1746 1783 Quis
1780 1747 1873 1776 enim
1907 1749 1978 1780 tam
2013 1747 2177 1777 inimicus
2201 1754 2317 1787 paene
2342 1746 2475 1776 nomini
2499 1744 2660 1776 Romano

367 1806 432 1842 cst,
458 1802 518 1844 qui
544 1801 651 1834 Ennii
676 1801 837 1835 Medeam
865 1807 926 1834 aut
950 1802 1139 1844 Antiopam
1164 1802 1312 1835 Pacuvii
1337 1806 1485 1845 spernat
1508 1807 1569 1835 aut
1593 1803 1738 1844 reiciat,
1770 1802 1864 1844 quod
1896 1814 1935 1836 se
1960 1802 2093 1837 eisdem
2117 1802 2298 1845 Euripidis
2333 1802 2463 1836 fabulis
2489 1801 2660 1836 delectari

366 1859 494 1893 dicat.“

297 1919 333 1957 2)
367 1917 490 1956 Qualis
515 1923 713 1949 saturarum
737 1917 997 1957 Eunianmum,
1022 1918 1169 1958 Lucilii,
1196 1919 1346 1958 Horatii,
1371 1919 1486 1951 Persii
1511 1919 1756 1960 dissimilium,
1781 1918 1888 1952 fuerit
1914 1922 2051 1959 natura,
2076 1918 2266 1953 Diomedes
2291 1919 2375 1962 (111,
2389 1929 2424 1962 p.
2439 1918 2509 1952 482
2522 1918 2578 1962 P.)
2603 1917 2658 1951 his

365 1976 482 2008 verbis
508 1974 704 2018 significat:
735 1980 877 2016 „satura
908 1976 1036 2007 dicitur
1060 1986 1202 2007 carmen
1227 1977 1321 2017 apud
1347 1976 1524 2009 Romanos
1538 2000 1559 2015 ,a
1573 1987 1643 2008 non
1667 1978 1761 2019 apud
1786 1977 1952 2017 Graecos,
1978 1978 2187 2009 maledicum
2213 1982 2248 2009 et
2273 1977 2318 2008 ad
2344 1977 2524 2019 carpenda
2547 1976 2655 2008 homi-

367 2043 449 2066 num
486 2033 575 2066 vitia
606 2031 780 2066 archneae
815 2033 994 2066 ‹·omediae
1026 2032 1230 2067 charactere
1265 2035 1514 2077 compositum,
1549 2035 1653 2077 quale
1677 2036 1894 2080 scripserunt
1918 2036 2079 2069 Lucilius
2105 2039 2141 2069 et
2164 2035 2336 2068 Horatius
2361 2039 2398 2068 et
2421 2034 2584 2074 Persius;
2621 2038 2658 2066 at

367 2091 454 2126 olim
479 2101 640 2134 carmen,
664 2092 757 2136 quod
783 2103 802 2125 e
827 2092 934 2125 variis
958 2091 1180 2135 poematibus
1206 2092 1411 2135 constabat,
1436 2097 1559 2127 satura
1582 2093 1841 2135 nominabatur,
1877 2093 1981 2137 quale
2006 2095 2226 2137 scripserunt
2249 2094 2425 2128 Pacuvius
2451 2097 2486 2126 et
2508 2092 2656 2128 Ennius.

364 2151 437 2186 oss.
464 2151 613 2191 Quintil.
638 2152 683 2191 X,
711 2154 741 2191 1,
768 2151 824 2184 93.

298 2210 334 2252 3)
366 2209 547 2250 Quatenus
573 2213 689 2243 autom
714 2210 849 2242 Ennius
875 2209 1004 2242 Sotade
1030 2214 1136 2251 poeta
1160 2220 1243 2242 usus
1273 2211 1321 2242 sit
1346 2221 1389 2242 ex
1413 2209 1518 2242 huius
1543 2210 1709 2254 illiusque
1734 2211 1963 2254 reliquiarum
1989 2213 2162 2243 tenuitate
2187 2220 2257 2242 non
2283 2210 2406 2253 liquet.

294 2270 332 2310 4)
368 2269 445 2301 Hos
480 2269 613 2301 indices
646 2269 756 2301 fuisse
789 2270 891 2300 unius
924 2268 1151 2310 eiusdemque
1185 2269 1264 2300 libri
1300 2272 1335 2301 et
1367 2269 1509 2312 Hugius
1544 2272 1579 2301 et
1611 2269 1792 2303 Vahlenus
1826 2271 1927 2303 nobis
1952 2274 2215 2312 persuaserunt.
2265 2269 2346 2302 Duo
2367 2268 2519 2308 tantum
2543 2277 2659 2310 eaque

370 2327 556 2361 levissima>
576 2326 775 2370 fragmenta
799 2330 944 2362 restant.

255 2417 257 2420 .
300 2383 337 2428 ὃ)
368 2384 450 2418 Hoc
470 2384 562 2419 libro
587 2385 722 2418 Ennius
737 2384 965 2417 ‘At-chostrati
991 2384 1171 2425 Gelensis,
1197 2385 1257 2427 qui
1281 2384 1325 2418 de
1350 2389 1426 2418 arte
1451 2386 1658 2429 coquinaria
1681 2387 1835 2429 scripsit,
1861 2387 2023 2430 vestigiis
2048 2388 2229 2430 ingressus
2255 2389 2319 2421 est.

301 2443 336 2484 6)
371 2443 450 2474 Hoc
473 2447 657 2484 poemate,
682 2443 774 2485 quod
800 2444 886 2484 quin
910 2444 1070 2475 versibus
1097 2443 1285 2476 trochaicis
1310 2444 1479 2485 seriptum
1503 2443 1608 2475 fuerit
1635 2445 1704 2476 iam
1729 2445 1873 2477 dubium
1898 2454 1968 2476 non
1993 2449 2066 2485 est,
2090 2445 2226 2477 Ennius
2251 2443 2559 2486 Epicharmiarum
2583 2454 2662 2478 sen·

372 2503 559 2534 tentiarum
584 2501 873 2542 conlectionibus,
899 2508 1001 2543 quae,
1026 2503 1101 2533 sive
1126 2503 1286 2533 sincerae
1312 2504 1411 2534 erant
1435 2502 1511 2534 sive
1536 2502 1768 2543 adulterinae,
1794 2504 1866 2536 iam
1891 2503 2138 2546 antiquissimo
2164 2506 2324 2545 tempore
2351 2505 2551 2544 manarunt,
2577 2513 2661 2537 usus

369 2569 447 2592 esse
472 2558 622 2597 videtur.

300 2618 336 2659 ’1)
371 2617 504 2651 Ennius
527 2618 762 2652 Euhemerum
789 2617 979 2656 Graecum,
1011 2619 1070 2660 qui
1106 2629 1147 2650 eo
1178 2618 1286 2660 libro,
1318 2619 1375 2651 cui
1408 2603 1539 2661 „36:912
1567 2603 1831 2665 ἀναγραφῆς(
1863 2620 2046 2662 inscriptio
2073 2623 2137 2660 est,
2163 2617 2311 2653 deorum
2327 2619 2473 2652 numina
2491 2618 2664 2663 religione

370 2678 510 2709 sancita
534 2677 623 2709 nihil
648 2677 747 2709 aliud
772 2688 850 2709 esse
875 2677 944 2708 nisi
969 2677 1129 2709 homines
1155 2676 1275 2709 divino
1301 2676 1431 2710 honore
1456 2675 1600 2708 affectos
1627 2677 1788 2708 evincere
1814 2678 1883 2709 sibi
1909 2681 2142 2719 proposuerat
2168 2679 2443 2720 ¹,interpretatus
2468 2681 2504 2710 et
2519 2682 2665 2711 nocuum

376 2734 450 2766 est‘
479 2734 568 2776 (Cic.
591 2734 648 2767 De
671 2734 754 2768 Nat.
779 2734 885 2770 Deor.
912 2734 941 2775 1,
966 2735 1023 2776 42,
1053 2736 1144 2778 119).

300 2792 337 2835 8)
370 2794 473 2833 Quod
497 2795 635 2827 Ennius
659 2796 728 2827 sibi
753 2795 942 2827 dormienti
966 2795 1158 2826 Homerum
1184 2796 1296 2826 visum
1323 2795 1359 2825 in
1384 2793 1557 2834 principio
1574 2795 1763 2826 Annalium
1788 2804 1932 2828 suornm
1956 2796 2101 2838 scripsit
2124 2795 2291 2838 illiusque
2317 2796 2493 2838 „animam
2511 2796 2549 2826 in
2565 2804 2667 2828 suam

371 2862 498 2894 corpus
525 2855 696 2892 venisse‚“
725 2854 894 2886 Horatius
922 2854 1050 2896 (Epist.
1070 2853 1120 2892 11,
1135 2853 1226 2891 1,50
1249 2852 1338 2893 sqq.)
1364 2851 1418 2883 his
1442 2852 1561 2884 verbis
1585 2852 1727 2884 irridet:

941 2911 1119 2955 „Ennius,
1145 2914 1181 2945 et
1204 2911 1348 2954 sapiens
1376 2913 1410 2944 et
1434 2908 1535 2944 fortis
1561 2913 1597 2944 et
1621 2910 1710 2946 alter
1736 2911 1930 2954 Homerus,

941 2971 991 3003 Ut
1016 2969 1130 3002 critici
1155 2968 1293 3009 dicunt,
1319 2967 1445 3001 leviter
1470 2977 1593 3001 curare
1617 2968 1768 3011 videtur,

942 3028 1023 3069 Quo
1048 3027 1222 3071 promissa
1245 3025 1375 3058 cadant
1399 3028 1434 3058 et
1458 3028 1597 3061 somnia
1619 3027 1884 3071 Pythagorea.‘

369 3087 498 3121 Melius
533 3092 588 3121 est
607 3089 806 3128 iudicium,
838 3089 932 3130 quod
964 3091 1080 3120 exstat
1111 3086 1206 3127 apud
1231 3085 1376 3118 Suidam
1398 3069 1634 3121 v.’'Evvw;1
1674 3070 1876 3128 Ῥωμαῖος
1904 3071 2111 3132 ποιητής,
2153 3070 2202 3116 ὃν
2230 3072 2432 3122 Αἶλιανὸς
2470 3071 2668 3115 ἐπαινεῖν

277 3127 402 3183 ἄξιόν
440 3144 557 3189 φησι.
624 3136 850 3178 Σκιπίωνα
886 3129 967 3188 γάρ
1005 3127 1124 3189 ᾅδων
1162 3131 1236 3174 καὶ
1274 3125 1350 3173 ἐπὶ
1384 3125 1496 3184 μέγα
1530 3124 1607 3172 τὸν
1643 3123 1784 3183 ἄνδρα
1823 3126 1977 3185 ἐξᾶραι
2012 3126 2281 3184 βουλόμενός
2316 3142 2424 3185 φησι
2449 3125 2584 3182 μόνον
2612 3123 2668 3173 ἄν

267 3183 457 3241 “ομηρον
487 3185 695 3238 ἐπαξίους
727 3188 933 3236 ἐπαίνους
963 3189 1106 3230 εἰπεῖν
1133 3188 1387 3232 Σκιπίωνος.
