3043 3532
1311 110 1645 161 —24—

277 235 400 288 Quod
429 249 528 277 vero
558 236 848 288 Koenius¹)
877 236 1102 290 permultas
1131 235 1284 276 formas
1313 241 1358 275 et
1384 235 1596 275 nominum
1620 240 1664 274 et
1689 232 1915 276 verborum,
1934 247 2016 274 nou
2046 235 2192 276 cadere
2210 235 2253 276 in
2275 248 2506 278 mensuram
2535 237 2674 292 dacty-

276 307 403 348 licam
442 309 625 363 queritur
662 323 710 349 ac
748 315 894 362 poetas
934 309 1092 362 epicos,
1136 307 1244 361 quod
1281 320 1421 348 versu.-
1440 307 1678 347 hexametro
1716 305 1899 347 adhibito
1927 306 2112 360 linguam
2139 307 2330 349 Latinam
2359 307 2677 361 depravaveriut

279 380 674 435 decurtaverintque
702 381 869 421 assidue
892 380 1181 420 calumniatur:
1220 378 1411 432 equidem
1438 391 1613 431 prorsus.
1633 391 1718 418 non
1744 388 1952 432 assequor,
1993 381 2080 420 ω’
2097 385 2184 420 tam
2199 380 2475 421 'vehementer
2501 393 2601 434 quer
2627 396 2673 423 u·

284 452 380 492 dum
420 453 804 494 calumniandumve
842 454 906 495 sit.
963 452 1070 492 Nam
1107 451 1151 491 id
1189 452 1353 504 ipsum,
1381 449 1510 504 quod·
1530 450 1760 504 permultae
1782 451 1949 492 :formae
1972 465 2060 492 non
2082 451 2344 506 quadrabant
2371 452 2414 492 in
2442 464 2674 494 mensuram

283 525 555 579 dactylicam,
603 526 778 566 orationi
813 538 895 564 non
931 538 1024 563 raro
1061 523 1374 577 pulchritudinis
1399 523 1718 576 elegantiaque
1745 523 2043 564 mentatum
2068 525 2218 566 attulit.
2284 525 2375 564 Nee
2401 537 2500 566 vero
2528 531 2674 578 poetas

287 598 426 650 epicos
456 597 659 638 interdum
688 610 819 649 aequo
849 596 1012 647 longius
1042 608 1282 648 progressos
1310 609 1403 637 esse
1441 595 1564 648 inque
1592 596 1711 637 novis
1739 596 1880 638 verbis
1907 597 2112 638 facundis
2140 603 2264 651 atque
2290 595 2507 638 verborum
2535 597 2675 638 immu-

283 671 439 711 tatione
477 669 751 722 loquendique
789 669 962 709 circuitu
989 668 1146 711 nimios.
1163 667 1295 708 fuisse
1312 680 1443 718 ¹neges
1497 667 1580 707 His
1609 674 1745 708 autem
1772 668 1966 709 universe
1994 667 2116 709 dictis
2142 668 2275 718 viam,
2313 682 2395 721 qua
2431 668 2484 709 ad
2512 667 2676 720 singula

283 740 570 794 persequenda
590 741 867 789 transiremus,
896 740 996 779 satis
1024 739 1255 779 munivisse.
1274 738 1374 778 mihi
1402 738 1557 781 videor.
1603 739 1742 792 Atque
1767 738 1922 780 secedo
1949 739 2113 780 Koenio
2142 740 2397 792 vituperanti
2425 740 2672 789 Lucretium,

284 814 374 867 qui,
414 814 530 866 quasi
571 811 824 861 differus,
865 812 1091 864 pestilis
1129 811 1335 853 adieetiva
1364 816 1583 860 exstarent,
1615 823 1706 850 cum
1741 809 2098 861 differentia,
2137 811 2474 863 pestilentia
2510 812 2676 852 nomina

279 899 363 926 non
410 884 608 925 caderent
647 884 689 924 in
731 898 964 924 mensuram
1007 882 1294 936 dactylicam,
1317 884 1596 933 differitas
1633 883 1726 938 (IV,
1752 882 1871 937 640),
1908 882 2199 936 pestilitas
2229 883 2319 937 (VI,
2346 884 2472 938 1096)
2508 883 2676 924 finxerit

281 957 476 1012 (Koen.l.
493 971 530 998 a.
546 970 587 1010 p.
607 956 691 1011 10).
746 957 837 997 Nec
866 957 999 997 minus
1029 957 1158 998 habet
1184 956 1419 998 offensionis
1447 956 1733 998 variantia
1759 955 2162 1009 (Lm.1,e43;111,
2179 955 2279 1010 319)
2309 969 2384 1010 pro
2411 955 2676 1005 varietas,

278 1030 453 1071 satias
484 1029 552 1083 (V,
579 1029 704 1082 1389)
734 1043 810 1082 pro
839 1030 1074 1070 satietas
1103 1029 1257 1081 (Koen.
1283 1042 1323 1082 p.
1347 1028 1464 1083 217).
1519 1028 1592 1069 Sin
1623 1027 1817 1079 Ovidius,
1854 1039 2095 1086 quamquam
2125 1034 2255 1068 metro
2284 1027 2457 1069 forsitan
2487 1032 2675 1077 coaetus,

276 1109 434 1143 natus
475 1101 718 1143 tolerare
756 1101 980 1142 labores
1018 1101 1139 1154 (Met.
1161 1101 1259 1151 XV,
1287 1101 1384 1155 121)
1414 1115 1488 1155 pro
1517 1107 1681 1141 natus
1709 1101 1769 1142 ad
1796 1099 2109 1142 tolerandos
2139 1099 2364 1141 labores
2393 1100 2548 1149 scribit,
2575 1099 2678 1141 haec

282 1173 447 1215 dicendi
486 1174 618 1229 forma
656 1173 778 1213 adeo*
804 1187 887 1213 non
917 1173 1043 1214 habet
1071 1173 1293 1227 quidquam
1324 1170 1581 1223 offensionis,
1620 1180 1666 1213 ut
1695 1173 1905 1227 eleganter
1931 1173 2174 1227 poeticoque
2203 1173 2397 1214 orationis
2427 1185 2568 1213 norma
2594 1185 2677 1213 non

277 1253 360 1287 tam
401 1247 514 1287 laesa
555 1259 676 1300 quam
713 1252 902 1300 promota
930 1246 1083 1285 dietum
1113 1259 1203 1286 esse
1233 1246 1332 1286 mihi
1360 1246 1549 1287 videatur
1585 1246 1689 1301 (Cfs.
1715 1246 1850 1289 Koen.
1873 1261 1913 1301 p.
1941 1247 2027 1298 16).
2083 1247 2219 1300 Atque
2246 1246 2355 1286 hunc
2384 1246 2676 1286 infinitivorum

277 1321 400 1369 finem
429 1320 748 1372 significantium
775 1333 893 1359 usum
923 1319 1031 1372 apud
1060 1325 1205 1372 poetas
1235 1319 1490 1373 frequentem
1522 1332 1614 1360 esse
1641 1332 1763 1360 nemo
1791 1320 1936 1362 nescit.
1993 1319 2052 1359 Ut
2079 1319 2370 1370 Hercules,
2402 1319 2515 1359 cuius
2544 1319 2673 1358 nomi-

281 1393 346 1432 nis
386 1398 549 1446 praeter
588 1392 863 1440 Herculis,
905 1392 1144 1432 Hercule
1182 1392 1333 1432 formas
1375 1392 1546 1432 elisione
1575 1405 1658 1431 non
1687 1391 1872 1432 adhibita
1900 1391 2036 1448 nullus
2068 1404 2185 1432 casus
2213 1396 2342 1432 metro
2372 1391 2578 1444 dactylico
2608 1404 2675 1432 ac·

285 1465 490 1506 comodari
527 1470 678 1517 potest,
717 1464 1008 1515 significarent,
1046 1471 1195 1516 poetae
1233 1465 1338 1517 epici
1375 1477 1666 1518 nonnunquam
1705 1470 1752 1504 ut
1788 1464 1964 1516 plurium
2001 1464 2218 1505 'verborum
2256 1464 2426 1504 circuitu
2465 1470 2676 1504 uterentur

285 1538 417 1577 coacti
445 1543 551 1586 sunt,
584 1537 654 1589 qui
684 1537 875 1576 circuitus
905 1536 1143 1589 plerumque
1172 1551 1249 1577 noc
1279 1536 1745 1588 gravitatem'simplicis
1777 1535 2048 1576 Hercules
2087 1535 2201 1577 vocis
2229 1535 2353 1576 habet
2391 1541 2434 1575 et
2462 1536 2680 1576 verborum

284 1609 573 1650 obscuritatem
617 1609 752 1650 efficit.
822 1608 914 1661 Quo
954 1609 1212 1648 referendum
1255 1615 1317 1649 est
1354 1608 1626 1649 Horatianum
1665 1607 1767 1647 illud
1808 1608 1847 1647 D
1862 1608 1993 1648 iram
2034 1607 2123 1661 qui
2165 1607 2415 1648 contudit
2451 1607 2681 1657 Hydram

283 1682 432 1737 (Epist.
448 1682 555 1733 11,1,
575 1681 659 1737 10).
715 1682 806 1722 Nec
837 1681 1055 1735 quidquam
1083 1681 1294 1735 proficitur
1323 1683 1517 1732 circuitu,
1549 1695 1628 1736 quo
1653 1681 1825 1723 Ovidius
1853 1681 2025 1722 Heres
2057 1680 2324 1733 claviger,
2356 1680 2680 1735 Tirynthius

281 1755 476 1808 hospes
507 1755 637 1808 (Fast.
658 1754 691 1803 Ι,
710 1755 804 1797 544,
829 1755 930 1807 547)
961 1754 1145 1794 scribens
1174 1755 1313 1795 utitur.
1369 1755 1557 1807 Itemque
1586 1754 1786 1806 displicet,
1817 1754 1852 1792 si
1881 1753 2099 1801 Horatius,
2129 1758 2174 1792 ut
2203 1752 2476 1794 Socratem
2504 1753 2678 1793 formam

284 1826 458 1867 elisione
496 1840 580 1866 non
621 1825 806 1877 adhibita
841 1827 960 1865 metri
990 1826 1185 1878 dactylici
1225 1826 1373 1866 finibus
1412 1818 1669 1866 resistentem
1709 1826 1926 1876 effugeret,
1966 1824 2135 1876 Anyti
2163 1838 2304 1864 reum
2333 1824 2438 1877 (Sat.
2461 1824 2542 1875 ΠΙ,
2566 1826 2604 1875 4,
2632 1824 2677 1879 3)

282 1898 382 1939 dicit
413 1899 570 1949 (Koen.
597 1912 636 1952 p.
662 1900 750 1950 80).
808 1897 928 1950 Quod
960 1904 1102 1938 contra
1129 1899 1313 1947 Lares,
1354 1899 1441 1952 qui
1471 1898 1701 1951 compita
1731 1903 1954 1938 servant
1981 1897 2079 1950 (Ov.
2100 1897 2214 1940 Fast.
2237 1897 2293 1947 11,
2315 1896 2413 1952 615)
2442 1897 2569 1939 verba
2596 1911 2671 1951 pro

279 1973 446 2010 Lares
487 1971 816 2024 compitales
854 1971 1064 2020 eleganter
1100 1971 1210 2010 dicta
1247 1977 1341 2010 sunt
1369 1970 1474 2022 (css.
1496 1970 1630 2009 Koen.
1657 1983 1695 2022 p.
1722 1971 1837 2021 203).
1894 1969 1969 2008 Est
1997 1975 2130 2008 autem
2169 1969 2278 2023 quod
2317 1981 2529 2022 queramur
2556 1983 2676 2011 voca·

279 2043 466 2083 bulorum
497 2050 593 2082 ante
622 2042 741 2082 finem
771 2045 811 2082 in
841 2044 1074 2081 trochaeum
1106 2043 1402 2093 desinentium,
1430 2049 1476 2082 ut
1504 2043 1768 2091 circulus,
1800 2042 2077 2092 terminus,
2106 2042 2335 2081 bellicus
2364 2042 2518 2094 (Koen.
2531 2055 2573 2096 p.
2589 2042 2675 2098 30),

282 2116 511 2166 advena,
543 2116 748 2166 incola,
781 2116 980 2165 insula,
1011 2116 1229 2166 femina,
1259 2117 1504 2167 victima,
1544 2129 1759 2166 ancora,
1787 2115 1998 2168 regula,
2038 2121 2269 2165 tessera,
2300 2115 2490 2156 similium
2520 2115 2674 2170 (Koen.

278 2203 318 2242 p.
351 2191 425 2239 45)
463 2196 626 2242 praeter
665 2190 959 2229 nominativum
997 2196 1038 2227 et
1066 2190 1295 2229 vocativum
1333 2189 1490 2228 nullum
1527 2189 1651 2228 alium
1690 2202 1825 2228 casum
1855 2188 2023 2229 elisione
2059 2201 2143 2228 non
2174 2188 2358 2228 adhibita
2385 2190 2572 2242 usurpari
2601 2202 2673 2241 po·

282 2263 425 2303 tuisse.
482 2262 697 2301 Accedunt
727 2262 960 2309 debitor,
990 2263 1200 2309 vinitor,
1243 2262 1451 2310 ianitor,
1482 2261 1738 2310 funditor,
1770 2261 1916 2300 similia
1944 2260 2095 2313 (Koen.
2116 2274 2156 2313 p.
2186 2262 2296 2312 109).
2356 2260 2474 2313 Quae
2502 2274 2592 2301 cum
2622 2261 2681 2301 ita

281 2336 372 2382 sint,
418 2341 567 2386 poetae
605 2335 731 2386 epici,
773 2335 967 2386 quidquid
1007 2335 1064 2373 eis
1105 2344 1191 2373 crat
1227 2333 1396 2373 remedii
1437 2348 1515 2386 quo
1561 2348 1614 2374 ex
1660 2334 1723 2373 his
1763 2333 1891 2373 turbis
1921 2332 2305 2385 difficultatibusque
2342 2346 2434 2373 sese
2478 2332 2670 2374 evolvere

284 2414 464 2458 possent,
507 2406 767 2457 inexpertum
799 2421 880 2446 non
911 2406 1158 2456 omiserunt3
1197 2420 1279 2457 qua
1307 2407 1349 2446 in
1377 2420 1422 2446 re
1452 2406 1509 2446 ita
1537 2406 1691 2447 versati
1719 2410 1825 2454 sunt,
1856 2411 1901 2446 nt
1928 2404 2047 2446 modo
2079 2405 2149 2457 qui
2175 2403 2530 2458 reprehendantur
2557 2403 2678 2445 modo

283 2479 353 2531 qui
380 2478 599 2517 laudentur
630 2478 745 2530 digni
775 2479 867 2519 sint.
910 2478 967 2517 Et
994 2480 1166 2530 primum
1196 2477 1369 2530 quidem'
1390 2478 1745 2530 frequentissimus
1778 2476 1946 2529 pluralis
1974 2477 2132 2516 numeri
2159 2490 2255 2516 usus
2283 2475 2575 2529 vituperandus
2604 2481 2678 2524 est,

280 2551 396 2591 velut
426 2552 531 2590 otia
559 2551 707 2603 (Verg.
732 2551 820 2591 Ecl.
845 2551 878 2599 I,
906 2553 943 2590 6.
974 2552 1078 2592 Aen.
1101 2551 1174 2597 VI,
1201 2550 1312 2601 813),
1343 2549 1570 2589 silentia
1601 2548 1741 2600 (Ovid.
1764 2549 1861 2590 Met.
1881 2548 1938 2597 II,
1963 2548 2075 2599 700),
2107 2548 2309 2588 somnia
2341 2546 2454 2600 (ibid.
2469 2547 2547 2598 IX,
2562 2548 2678 2597 474).

280 2624 417 2665 Koen.
434 2638 472 2675 p.
488 2625 554 2662 58.
611 2623 744 2663 Aliter
775 2629 912 2663 autem
940 2622 1073 2662 iudico
1105 2621 1156 2661 de
1185 2635 1306 2661 versu
1338 2621 1537 2662 Ovidiano
1567 2621 1712 2676 (Trist.
1729 2621 1762 2670 Ι,
1781 2622 1845 2670 10,
1863 2622 1955 2674 26):

949 2694 1026 2743 „Et
1055 2700 1097 2734 te
1127 2693 1326 2743 ruricola,
1353 2694 1584 2747 Lampsaee
1603 2724 1612 2742 ‚
1642 2698 1729 2733 tuta
1758 2692 1859 2733 deo“

946 2818 1020 2851 Aut
1043 2816 1104 2851 ille
1128 2817 1167 2850 in
1190 2820 1315 2861 pastus
1340 2820 1572 2863 armataque
1596 2814 1712 2850 tendit
1736 2826 1904 2861 equarum

946 2878 1018 2911 Aut
1042 2876 1215 2910 adsuetus
1240 2886 1356 2920 aquae
1380 2876 1547 2920 perfundi
1569 2876 1711 2910 flumine
1736 2879 1819 2909 noto

885 2971 889 2975 ,
945 2936 1088 2970 Emicat
1111 2936 1329 2979 arrectisque
1354 2934 1475 2968 fremit
1498 2934 1703 2970 cervicibus.
1721 2934 1792 2969 alte

942 2995 1144 3028 Luxurians
1170 2994 1367 3036 luduntque
1391 2993 1498 3026 iubae
1522 3004 1586 3036 per
1611 2993 1721 3035 colla,
1745 3004 1808 3036 per
1834 3003 1960 3029 annos.
2001 2993 2043 3030 V.
2070 2993 2174 3030 Vahl.
2203 3004 2235 3030 a.
2261 2992 2301 3028 h.
2323 2992 2347 3027 l.

308 3066 341 3109 1)
375 3064 507 3109 „Uerm-
534 3063 588 3100 bie
614 3063 770 3108 &prodit
794 3064 854 3100 bet
880 3062 1076 3109 fflssmiftbeu
1103 3062 1262 3109 θῶπλ’
1290 3061 1451 3108 Dlssuster
1480 3063 1582 3099 1840.
